% http://www.ams.org/mathscinet/search

% Papers            TTA
% Arxiv             TTX
% From the internet     TTI
% Wikipédia         TTW
% Books             TTL
% Other texts           TTD
% My works          TTM
% My pedagogical works      TTP
% Softwares         TTO


%%%%%%%%%%%%%%%%%%%%%%%%%%
%
%   VENANT d'INTERET
%     TTI
%%%%%%%%%%%%%%%%%%%%%%%%

%Dans les citations de Wikipédia, natex/bibtex crée des lignes du type
%\bibitem[Wikipédia(2013{\natexlab{a}})]{AABkVai}
%\bibitem[Wikipédia(2013{\natexlab{b}})]{RDlLltQ}
%\bibitem[Wikipédia(2013{\natexlab{c}})]{DBChzKG}
% etc.
%parce qu'il ajoute automatiquement une lettre à côté de auteur-année si il y en a plusieurs.
%Du coup on n'a droit qu'à citer 26 fois le même auteur la même année parce que après \natexlabl{z},
%c'est \natexlab{{} avec ``{'' comme ``lettre''. Je ne te dis pas comment LaTeX apprécie !
%La solution serait soit de supprimer l'année, soit donner le mois. En tout cas, il faut varier.

@ARTICLE{MQKDooSuEGxk,
    author = {},
    title = {Primitives et intégrales},
    year = {},
    url = "http://math.univ-lyon1.fr/capes/IMG/pdf/new.primitive.pdf",
}

@ARTICLE{RFTHooFInuZb,
    author = {Gurgey, Hervé},
    title = {Terminale S, les ROC d'analyse à connaître},
    year = {},
    url = "http://hgurgey.free.fr/IMG/pdf/ROC-ana-2.pdf",
}

@ARTICLE{GEMDooAqxbNv,
    author = {oliv94},
    title = {Fonctions logarithme, fonction exponentielle et puissance},
    year = {10 octobre 2013},
    url = "http://www.youscribe.com/catalogue/tous/education/cours/fonctions-logarithme-fonction-exponentielle-et-puissance-2313803",
}

@ARTICLE{CTANooGFSnns,
    author = {Costantini, Gilles},
    title = {ROC : restitution organisée de connaissance},
    year = {Septembre 2005},
    url = "http://gilles.costantini.pagesperso-orange.fr/TS/bac/Dems_ROC.PDF",
}

@ARTICLE{GBUKooZipjIP,
    author = {},
    title = {Proporiétés fondamentales de la fonction exponentielle},
    year = {},
    url = "http://www.maths-cours.fr/exercices/logarithme-exponentielle/roc-proprietes-fondamentales-exponentielle",
}

@ARTICLE{VJNYooBKjymp,
    author = {Marie91270},
    title = {Une activité complète pour découvrir la soustraction des nombres relatifs},
    year = {28 décembre 2013},
    url = "http://www.neoprofs.org/t70102-une-activite-complete-pour-decouvrir-la-soustraction-des-nombres-relatifs",
}

@ARTICLE{LYQEooNypgtQ,
    author = {Hill, Dennis and friends},
    title = {10,000+ free photos},
    year = {},
    url = "http://www.fontplay.com/freephotos/fifthn/fp081206-28.jpg",
}

@ARTICLE{HOWZooBuuoms,
    author = {},
    title = {Pyramide et cône : exerices},
    year = {},
    url = "http://mathecailloux.ile.nc/data/documents/quatrieme/Cours/chapitre15/exercice1.pdf",
}

@ARTICLE{DWNYooBYmczH,
    author = {Tableau noir},
    title = {Devoir surveillé numéro 8},
    year = {},
    url = "http://www.bruno-garcia.net/www/TableauNoir/CCinquieme/Controles/DS8-51.doc",
}

@ARTICLE{,
    author = {},
    title = {Les quadrilatères},
    year = {},
    url = "http://ddata.over-blog.com/xxxyyy/4/39/08/01/cinquieme/5eme.parallelogramme.jeu-set-et-maths.mathematiques.pdf",
}

@ARTICLE{SIUXooOJshFN,
    author = {Hoffarth,J.},
    title = {Activité parallélogramme},
    url = "http://mathhoffarth.voila.net/pages/cinquieme/activites/cinq_c11_act.pdf",
}

@ARTICLE{ZGRKooSUSPix,
    author = {Malava, Joël and Courbon, Denise and Maze, Monique and Planchat, Christiane and Puigredo, Frédéric and Sérès, Philippe},
    title = {Transmath, quatrième},
    year = {2007},
}

@ARTICLE{BLIEooGhkhOI,
    author = {Le Fur,Denis},
    title = {Les maths au collège : Cours, Techniques et Exercices},
    year = {11 mars 2004},
    url = "http://mathsp.tuxfamily.org/IMG/pdf/manuel.pdf",
}

@ARTICLE{QAELooOvTPtI,
    author = {},
    title = {Vrai ou faux ?},
    year = {},
    url = "http://ddata.over-blog.com/xxxyyy/4/39/08/01/Defis-mathematiques/JeuSetEtMaths-IREM-Thales.pdf",
}

@ARTICLE{TLRRooOjxpTp,
        author = {Driver, Bruce},
        title = {Analysis tools with applications},
        year = {April 10, 2003},
        url = "http://www.math.ucsd.edu/~bdriver/240-01-02/Lecture_Notes/anal.pdf",
    }

@ARTICLE{FWZHooBLvuCJ,
    author = {Morel Chevillet, Florian},
    title = {Résolubilité par radicaux des équations algébriques},
    year = {31 mai 2012},
    url = "http://matthieu.gendulphe.com/MorelChevillet.pdf",
}

@misc{MQMKooPBfnZN,
   author = "Wikipédia",
   title = "Trigonalisation --- Wikipédia{,} l'encyclopédie libre",
   year = "2014",
   url = "http://fr.wikipedia.org/w/index.php?title=Trigonalisation&oldid=109085753",
   note = "[En ligne; Page disponible le 22-décembre-2014]"
}

@ARTICLE{OUDMooPWBllL,
    author = {Wikipédia},
    title = {},
    year = {},
    url = "http://commons.wikimedia.org/wiki/File:Pediculus_humanus_var_capitis.jpg",
}

@ARTICLE{AXYJooDyxYjv,
    author = {Département d'informatique de l'école polytechnique Paris SAclay},
    title = {INF580 Programmation par contraintes, examen écrit},
    year = {mars 2011},
    url = "http://www.enseignement.polytechnique.fr/informatique/INF580/exams/examen_11.pdf",
}

@ARTICLE{YDAUooYJDVmX,
    author = {Mathovore},
    title = {Théorème des milieux},
    url = "http://www.mathovore.fr/theoreme-des-milieux-exercices-maths-411.php",
}

@ARTICLE{BQXTooIdVbkK,
    author = {Mathovore},
    title = {Droite des milieux et ses propriétés},
    url = "http://www.mathovore.fr/droite-des-milieux-et-ses-proprietes-exercices-maths-423.php",
}

@ARTICLE{LEPOooBzqKhm,
    author = {Tom, Pascal and Océane },
    title = {Le théorème de milieux},
    year = {2014},
    url = "http://www.ilemaths.net/maths_4_milieu_8exos.php",
}

@ARTICLE{CAXSooKfEcSQ,
        url = "http://www.mathematiques-web.fr/symetrie-centrale-exercices-de-maths-en-cinquieme-5eme-2509",
    }

@ARTICLE{AMFDooDjtHZu,
    author = {},
    title = {},
    year = {},
    url = "http://mdkaddouri.free.fr/cours/cinquieme_cours/geometrie/ch2_triangles_droites/06_correction.pdf",
}

@ARTICLE{NRHooXFvgpp4,
    author = {},
    title = {Sésamath, le manuel de quatrième},
    year = {2011},
    url = "http://manuel.sesamath.net/send_file.php?file=/files/ms4_2011.pdf",
}

@ARTICLE{NRHooXFvgpp5,
    title = {Sésamath, le manuel de cinquième},
    year = {Avril 2011},
    url = "http://manuel.sesamath.net/send_file.php?file=files/ms5_2010.pdf",
}

@ARTICLE{HZJHooXYaaom,
    author = {Mathématiques  au collège},
    title = {Mediane et triangle rectangle},
    url = "http://maths-college.fr/cours-mathematiques-4eme/cc8_02-mediane-triangle-rectangle.html",
}

@ARTICLE{YMCUooJCbtnr,
    title = {Médiatrice et cercle circonscrit : exercices de maths cinquième },
    url = "http://www.mathematiques-web.fr/mediatrice-et-cercle-circonscrit-exercices-de-maths-cinquieme-5eme-2533",
}

@ARTICLE{JGWooXAVokw,
    author = {LE FUR Denis},
    title = {Les maths libres},
    url = "http://mathsp.tuxfamily.org/",
}

@ARTICLE{DiopDEYooBREjUb,
    author = {Diop, Émilie},
    title = {Conversations privées et documents échangés},
    year = {2014-2015},
}

@ARTICLE{EKNooAsTWza,
    author = {Wikipédia},
    title = {Charpente.et.jambettes},
    url = "http://commons.wikimedia.org/wiki/File:Charpente.et.jambettes.png",
}

@misc{WCBooDyumvE,
   author = "Wikipédia",
   title = "Fausse équerre --- Wikipédia{,} l'encyclopédie libre",
   year = "2012",
   url = "http://fr.wikipedia.org/w/index.php?title=Fausse_%C3%A9querre&oldid=84638189",
   note = "[En ligne; Page disponible le 11-septembre-2014]"
 }

@ARTICLE{XEFooQxuWQb,
    author = {Bénard, Dominique},
    title = {Cours de mathématiques},
    url = "http://perso.univ-lemans.fr/~benard/rt/master-pe/ue312/cours-mathonautes.pdf",
}

@ARTICLE{GXPooZPigAE,
    author = {IREM de Dijon},
    title = {Rallye mathématique des collèges de {B}ourgogne},
    year = {2014},
    url = "http://rallyemath.u-bourgogne.fr/",
}

@ARTICLE{JQYooIYHiaH,
    author = {APMEP},
    title = {Entrainement pour le rallye APMEP 2012},
    year = {2012},
    url = "http://www.apmep.fr/IMG/pdf/Entrainement_APMEP_2012.pdf",
}

@misc{DWNooWUZxRP,
   author = "Wikipédia",
   title = "Intégrale impropre --- Wikipédia{,} l'encyclopédie libre",
   year = "2014",
   url = "http://fr.wikipedia.org/w/index.php?title=Int%C3%A9grale_impropre&oldid=103902526",
   note = "[En ligne; Page disponible le 5-août-2014]"
}

@misc{EFPooPpnSXm,
   author = "Wikipédia",
   title = "Théorème de la bijection --- Wikipédia{,} l'encyclopédie libre",
   year = "2013",
   url = "http://fr.wikipedia.org/w/index.php?title=Th%C3%A9or%C3%A8me_de_la_bijection&oldid=97412841",
   note = "[En ligne; Page disponible le 28-juillet-2014]"
 }

 @misc{XGIooNMtKqx,
   author = "Wikipédia",
   title = "Opérations sur les dérivées --- Wikipédia{,} l'encyclopédie libre",
   year = "2013",
   url = "http://fr.wikipedia.org/w/index.php?title=Op%C3%A9rations_sur_les_d%C3%A9riv%C3%A9es&oldid=99099598",
   note = "[En ligne; Page disponible le 28-juillet-2014]"
 }

@misc{MVIooKLsjpa,
   author = "Wikipédia",
   title = "Lemme de Hadamard --- Wikipédia{,} l'encyclopédie libre",
   year = "2013",
   url = "http://fr.wikipedia.org/w/index.php?title=Lemme_de_Hadamard&oldid=90659396",
   note = "[En ligne; Page disponible le 14-juillet-2014]"
 }

@ARTICLE{DOAooAgGKTi,
    author = {ENS Cachan},
    title = {Théorème de stabilité de {L}yapunov},
    url = "http://minerve.bretagne.ens-cachan.fr/images/Lyapunov.pdf",
}

@ARTICLE{ZPNooLNyWjX,
    author = {Boyer, Franck},
    title = {Équations différentielles ordinaires},
    year = {2012},
    url = "http://www.latp.univ-mrs.fr/~fboyer/Enseignement/Agreg/cours_EDO_Agreg_FBoyer.pdf",
}

@ARTICLE{GPRooZkclFA,
    author = {Debarre, Olivier},
    title = {Équations différentielles},
    url = "http://www.math.ens.fr/~debarre/EquaDiff.pdf",
}

@ARTICLE{CLTooTlwZoz,
    author = {Lecomte, Pierre},
    title = {Variétés plongées dans {$ \eR^m$}},
    year = {2007},
    url = "http://www.geothalg.ulg.ac.be/geom/node107.html",
}

@misc{EYGooOoQDnt,
   author = "Wikipédia",
   title = "Inégalité de Kantorovitch --- Wikipédia{,} l'encyclopédie libre",
   year = "juillet 2014",
   url = "http://fr.wikipedia.org/w/index.php?title=In%C3%A9galit%C3%A9_de_Kantorovitch&oldid=102417007",
   note = "[En ligne; Page disponible le 1-juillet-2014]"
 }

@misc{CENooZKvihz,
   author = "Wikipédia",
   title = "Inégalité arithmético-géométrique --- Wikipédia{,} l'encyclopédie libre",
   year = "2013",
   url = "http://fr.wikipedia.org/w/index.php?title=In%C3%A9galit%C3%A9_arithm%C3%A9tico-g%C3%A9om%C3%A9trique&oldid=99682278",
   note = "[En ligne; Page disponible le 1-juillet-2014]"
 }

@ARTICLE{HQRooKGAfpu,
    author = {Galley,Muriel},
    title = {Groupes résolubles},
    year = {24 mai 2012},
    url = "http://matthieu.gendulphe.com/Galley.pdf",
}

@misc{PLQooFQtjyR,
   author = "Wikipédia",
   title = "Nombre de Fermat --- Wikipédia{,} l'encyclopédie libre",
   year = "2014",
   url = "http://fr.wikipedia.org/w/index.php?title=Nombre_de_Fermat&oldid=103080861",
   note = "[En ligne; Page disponible le 18-juin-2014]"
 }

@ARTICLE{WARooZoFOBn,
    author = {Beck,Vincent and Malick,Jérôme and Peyré,Gabriel},
    title = {Sur C tout est connexe !},
    url = "http://objagr.gforge.inria.fr/documents/files/connexite-polynome.pdf",
}
%TODO : comment faire que le C ici arrive sous la forme \( \eC\) ?

@misc{QATooFIHVMw,
   author = "Wikipédia",
   title = "Théorème de Cayley-Hamilton --- Wikipédia{,} l'encyclopédie libre",
   year = "2014",
   url = "http://fr.wikipedia.org/w/index.php?title=Th%C3%A9or%C3%A8me_de_Cayley-Hamilton&oldid=104470625",
   note = "[En ligne; Page disponible le 10-juin-2014]"
 }

@ARTICLE{MOSooRVRrHw,
    author = {Monniaux, David},
    year = {9 juin 2014},
    url = "http://david.monniaux.free.fr/dotclear/index.php/post/2014/06/09/Mémoire-à-effaçage-rapide",
    note = "David Monniaux esquisse la preuve dans un commentaire à cette note"
}

@ARTICLE{VFWooabXoA,
    title = {Tracés usuels «à la règle et au compas»},
    year = {2012-2013},
    url = "http://dokeos3.u-cergy.fr/dokeos20/courses/EEMEM2CRPE/scorm/2012_2013SCORMEEMEUE3EC2M2P1_SCORM/page_04.htm",
}

@ARTICLE{SNDooCQYseS,
    author = {Abdellatif, Mortajine},
    title = {Les extensions de corps},
    year = {2012-2013},
    url = "http://www.iecn.u-nancy.fr/~mortajin/chap3-L3-S5.pdf",
}

@ARTICLE{XSHoosgoQa,
    author = {Peyre, Rémi and Simon, Frédéric},
    title = {Travaux dirigés de probabilités},
    year = {2009},
    url = "http://www.normalesup.org/~rpeyre/pro/enseignement/td09pbas-e.pdf",
}

@ARTICLE{SFYoobgQUp,
    author = {Saada, Daniel},
    title = {Tribu de Borel et tribu de Baire d'un espace topologique},
    year = {2009},
    url = "http://www.daniel-saada.eu/fichiers/16-Tribus_de_Baire.pdf",
}

@ARTICLE{KZIoofzFLV,
    author = {Daigle, Daniel},
    title = {Cardinalité},
    url = "http://mysite.science.uottawa.ca/asavag2/mat2762/cardinal.pdf",
}

@misc{BOQoojbFpP,
   author = "Wikipédia",
   title = "Complétion d'une mesure --- Wikipédia{,} l'encyclopédie libre",
   year = "2014",
   url = "http://fr.wikipedia.org/w/index.php?title=Compl%C3%A9tion_d%27une_mesure&oldid=89819650",
   note = "[En ligne; Page disponible le 27-mars-2014]"
 }

 @misc{HQZoogglNj,
   author = "Wikipédia",
   title = "Théorème de Wantzel --- Wikipédia{,} l'encyclopédie libre",
   year = "2014",
   url = "http://fr.wikipedia.org/w/index.php?title=Th%C3%A9or%C3%A8me_de_Wantzel&oldid=103220511",
   note = "[En ligne; Page disponible le 13-mai-2014]"
 }

 @misc{POUoocLUrO,
   author = "Wikipédia",
   title = "Nombre constructible --- Wikipédia{,} l'encyclopédie libre",
   year = "2014",
   url = "http://fr.wikipedia.org/w/index.php?title=Nombre_constructible&oldid=103130793",
   note = "[En ligne; Page disponible le 13-mai-2014]"
 }

@ARTICLE{DXTooFCLru,
    author = {Antonini, C.  and Quint, JF. and Borgnat, P. and Bérard, J. and Lebeau, E. and Souche, E. and Chateau, A. and Teytaud, O.},
    title = {Ensembles négligeables et complétion de tribus},
    url = "http://www.les-mathematiques.net/a/i/c/node1.php",
}


@ARTICLE{OCBrmKo,
    author = {Antonini, C.  and Quint, JF. and Borgnat, P. and Bérard, J. and Lebeau, E. and Souche, E. and Chateau, A. and Teytaud, O.},
    title = {Généralités},
    url = "http://www.les-mathematiques.net/a/a/b/node19.php",
}

@ARTICLE{SNSposN,
    author = {Vieillard Baron, Emmanuel},
    title = {Sous-espaces compacts},
    year = {2001},
    url = "http://www.les-mathematiques.net/a/t/c/node5.php",
}

@ARTICLE{OCBrmKo,
    author = {Antonini, C.  and Quint, JF. and Borgnat, P. and Bérard, J. and Lebeau, E. and Souche, E. and Chateau, A. and Teytaud, O.},
    title = {Le théorème de Tykhonov},
    url = "http://www.les-mathematiques.net/a/a/b/node20.php",
}

 @misc{JUwQXOF,
   author = "Wikipédia",
   title = "Théorème de Borel-Lebesgue --- Wikipédia{,} l'encyclopédie libre",
   year = "2014",
   url = "http://fr.wikipedia.org/w/index.php?title=Th%C3%A9or%C3%A8me_de_Borel-Lebesgue&oldid=96560796",
   note = "[En ligne; Page disponible le 11-mars-2014]"
 }

@misc{IRWFPQB,
   author = "Wikipédia",
   title = "Suite de Cauchy --- Wikipédia{,} l'encyclopédie libre",
   year = "2014",
   url = "http://fr.wikipedia.org/w/index.php?title=Suite_de_Cauchy&oldid=98046451",
   note = "[En ligne; Page disponible le 11-mars-2014]"
 }

@misc{ZSyHmiy,
   author = "Wikipédia",
   title = "Algèbre sur un corps --- Wikipédia{,} l'encyclopédie libre",
   year = "2013",
   url = "http://fr.wikipedia.org/w/index.php?title=Alg%C3%A8bre_sur_un_corps&oldid=98992040",
   note = "[En ligne; Page disponible le 6-mars-2014]"
 }
@misc{OWTzoEK,
   author = "Wikipédia",
   title = "Théorème d'inversion locale --- Wikipédia{,} l'encyclopédie libre",
   year = "2014",
   url = "http://fr.wikipedia.org/w/index.php?title=Th%C3%A9or%C3%A8me_d%27inversion_locale&oldid=100975433",
   note = "[En ligne; Page disponible le 19-février-2014]"
 }

@misc{YASbcIF,
   author = "Wikipédia",
   title = "Théorème des fonctions implicites --- Wikipédia{,} l'encyclopédie libre",
   year = "2013",
   url = "http://fr.wikipedia.org/w/index.php?title=Th%C3%A9or%C3%A8me_des_fonctions_implicites&oldid=98557193",
   note = "[En ligne; Page disponible le 19-février-2014]"
 }

@ARTICLE{BJblWiS,
    author = {Dubois, Gilles},
    url = "http://dubois.gilles.pagesperso-orange.fr/analyse_reelle/intlimites.html",
}

@ARTICLE{OYRmzAa,
    author = {Hunter, John},
    title = {Measure Theory},
    year = {2011},
    url = "https://www.math.ucdavis.edu/~hunter/measure_theory/measure_notes.pdf",
}

@ARTICLE{NBoIEXO,
    author = {Teschl,Gerald},
    title = {Topics in real and functional analysis},
    year = {2013},
    url = "http://www.mat.univie.ac.at/~gerald/ftp/book-fa/fa.pdf",
}

@ARTICLE{NKCzDho,
    author = {Constantino, Gilles},
    title = {Fonctions convexes d'une variable réelle},
    url = "http://gilles.costantini.pagesperso-orange.fr/agreg_fichiers/fctconv.pdf",
}

@misc{RIKpeIH,
   author = "Wikiversité",
   title = "Fonctions convexes/Fonctions convexes dérivables --- Wikiversité{,} ",
   year = "2013",
   url = "http://fr.wikiversity.org/w/index.php?title=Fonctions_convexes/Fonctions_convexes_d%C3%A9rivables&oldid=379779",
   note = "[En ligne ; accédé le 9-février-2014]"
 }

@misc{OJIMBtv,
   author = "Wikiversité",
   title = "Fonctions convexes/Définition et premières propriétés --- Wikiversité{,} ",
   year = "2013",
   url = "http://fr.wikiversity.org/w/index.php?title=Fonctions_convexes/D%C3%A9finition_et_premi%C3%A8res_propri%C3%A9t%C3%A9s&oldid=381775",
   note = "[En ligne ; accédé le 9-février-2014]"
 }

@misc{GYfviRu,
   author = "Wikipédia",
   title = "Fonction convexe --- Wikipédia{,} l'encyclopédie libre",
   year = "2013",
   url = "http://fr.wikipedia.org/w/index.php?title=Fonction_convexe&oldid=98971686",
   note = "[En ligne; Page disponible le 8-février-2014]"
 }

@misc{RArwFWJ,
   author = "ProofWiki",
   title = "Outer Measure of Limit of Increasing Sequence of Sets --- ProofWiki{,} ",
   year = "2012",
   url = "http://www.proofwiki.org/w/index.php?title=Outer_Measure_of_Limit_of_Increasing_Sequence_of_Sets&oldid=85952",
   note = "[Online; accessed 2-February-2014]"
 }

@misc{SIUaYwD,
   author = "Wikipedia",
   title = "Semi-simple operator --- Wikipedia{,} The Free Encyclopedia",
   year = "2013",
   url = "http://en.wikipedia.org/w/index.php?title=Semi-simple_operator&oldid=544555496",
   note = "[Online; accessed 24-December-2013]"
 }

@ARTICLE{VDPpTKg,
    author = {Ministère de l'éducation nationale},
    title = {Rapport de jury de concours, agrégation de mathématiques, concours externe, session 2013},
    year = {2013},
    url = "http://agreg.org/Rapports/rapport2013.pdf",
}

@ARTICLE{BMoNzTY,
    author = {Bekka,Bachir},
    title = {Le théorème d'inversion de {F}ourier du point de vue des distributions},
    url = "http://agreg-maths.univ-rennes1.fr/documentation/docs/Theoreme-Inversion-Fourier.pdf",
}

@ARTICLE{HOQzXCw,
    title = {theorem for normal triangular matrices},
    url = "http://planetmath.org/theoremfornormaltriangularmatrices",
}

@misc{OMzxpxE,
   author = "Wikipedia",
   title = "Spectral theorem --- Wikipedia{,} The Free Encyclopedia",
   year = "2013",
   url = "http://en.wikipedia.org/w/index.php?title=Spectral_theorem&oldid=575488135",
   note = "[Online; accessed 21-October-2013]"
}

@misc{LCbyNWQ,
   author = "Wikipédia",
   title = "Convergence uniforme --- Wikipédia{,} l'encyclopédie libre",
   year = "2013",
   url = "http://fr.wikipedia.org/w/index.php?title=Convergence_uniforme&oldid=95493463",
   note = "[En ligne; Page disponible le 15-octobre-2013]"
 }

@ARTICLE{WTefHHs,
    author = {Shirikyan,Armen},
    title = {Théorie des distributions et analyse de {T}ourier},
    url = "http://shirikyan.u-cergy.fr/m1cours2.pdf",
}

@misc{EJVQuas,
   author = "Wikipédia",
   title = "Espace séparé --- Wikipédia{,} l'encyclopédie libre",
   year = "2013",
   url = "http://fr.wikipedia.org/w/index.php?title=Espace_s%C3%A9par%C3%A9&oldid=97013072",
   note = "[En ligne; Page disponible le 27-septembre-2013]"
 }

@misc{MUbDonp,
   author = "Wikipédia",
   title = "Semi-norme --- Wikipédia{,} l'encyclopédie libre",
   year = "2013",
   url = "http://fr.wikipedia.org/w/index.php?title=Semi-norme&oldid=89981857",
   note = "[En ligne; Page disponible le 22-septembre-2013]"
 }

 @misc{DHpsZoY,
   author = "Wikipédia",
   title = "Continuité --- Wikipédia{,} l'encyclopédie libre",
   year = "2013",
   url = "http://fr.wikipedia.org/w/index.php?title=Continuit%C3%A9&oldid=96548980",
   note = "[En ligne; Page disponible le 17-septembre-2013]"
 }

@ARTICLE{Sudomath,
    author = {Leroux Liouba},
    title = {Sudomath Second degré 1ère},
    year = {2013},
    url = "http://mutuamath.sesamath.net/node/1017",
    note = {Les ressources de Mutuamath sont diffusées sous licence \href{http://creativecommons.org/licenses/by-sa/2.0/fr/}{Creative commons by-sa} dont voici \href{http://creativecommons.org/licenses/by-sa/2.0/fr/legalcode}{le texte intégral}.}
}

@misc{VPvwAaQ,
   author = "Wikipédia",
   title = "Théorème de Banach-Steinhaus --- Wikipédia{,} l'encyclopédie libre",
   year = "2013",
   url = "http://fr.wikipedia.org/w/index.php?title=Th%C3%A9or%C3%A8me_de_Banach-Steinhaus&oldid=92377069",
   note = "[En ligne; Page disponible le 31-août-2013]"
 }

@ARTICLE{HPVCqkr,
    author = {Touzi, Nizar},
    title = {Martingales en temps discret et chaîne de {M}arkov},
    year = {Septembre 2009},
    url = "http://www.cmap.polytechnique.fr/~touzi/MAP432-Poly.pdf",
}

@misc{FUFFxBX,
   author = "Wikipedia",
   title = "Optional stopping theorem --- Wikipedia{,} The Free Encyclopedia",
   year = "2013",
   url = "http://en.wikipedia.org/w/index.php?title=Optional_stopping_theorem&oldid=547547174",
   note = "[Online; accessed 14-August-2013]"
 }

 @misc{YMmJevi,
   author = "Wikipédia",
   title = "Inégalité de Jensen --- Wikipédia{,} l'encyclopédie libre",
   year = "2013",
   url = "http://fr.wikipedia.org/w/index.php?title=In%C3%A9galit%C3%A9_de_Jensen&oldid=90235295",
   note = "[En ligne; Page disponible le 9-août-2013]"
 }

 @misc{JFihMcQ,
   author = "Wikipédia",
   title = "Fonction convexe --- Wikipédia{,} l'encyclopédie libre",
   year = "2013",
   url = "http://fr.wikipedia.org/w/index.php?title=Fonction_convexe&oldid=94429550",
   note = "[En ligne; Page disponible le 8-août-2013]"
 }

@ARTICLE{GKPYTMb,
    author = {Squarcini, Christian},
    title = {Applications linéaires},
    url = "http://squarcini.christian.perso.sfr.fr/AgregInterne/Topo/4_3.pdf",
}

@ARTICLE{OGaUHGn,
    author = {Squarcini, Christian},
    title = {Anneaux factoriels},
    url = "http://squarcini.christian.perso.sfr.fr/AgregInterne/Anneauxcorps/3_2.pdf",
}

@ARTICLE{RTzQrdx,
    author = {Squarcini, Christian},
    title = {Dégénérescence},
    year = {2005},
    url = "http://squarcini.christian.perso.sfr.fr/AgregInterne/Algebrelineaire/2_2.pdf",
}

@ARTICLE{GTkeGni,
    author = {Costantini, Gilles},
    title = {Espaces vectoriels de dimension infinie, normes usuelles, équivalence de normes},
    url = "http://gilles.costantini.pagesperso-orange.fr/agreg_fichiers/evn.pdf",
}

@misc{SIdTHwW,
   author = "Wikipédia",
   title = "Théorème de Baire --- Wikipédia{,} l'encyclopédie libre",
   year = "2013",
   url = "http://fr.wikipedia.org/w/index.php?title=Th%C3%A9or%C3%A8me_de_Baire&oldid=95077621",
   note = "[En ligne; Page disponible le 4-août-2013]"
 }

@ARTICLE{XHSkdUU,
    author = {Serov, Valeriy},
    title = {Fourier transform and distributions},
    year = {2007},
    url = "http://www.oulu.fi/inverse/files/fourier.pdf",
}

@Article{Vialivs,
    author = {Vial, Grégory},
    title  = {Autour du théorème des invariants de similitude},
    year   = {Octobre 2005},
    note   = {\\\url{http://w3.bretagne.ens-cachan.fr/math/people/gregory.vial/files/cplts/ivs.pdf}},
}

@Article{SjxoHK,
    author = {Alessandri, Alexandre},
    title  = {Action du groupe modulaire sur le demi-plan de {P}oincaré},
    year   = {2011-2012},
    note   = {\\\url{http://minerve.bretagne.ens-cachan.fr/images/Dvt_psl2.pdf}},
}

@ARTICLE{MKucxNb,
    author = {Rouby, Ophélie},
    title = {Théorème de {R}othstein-{T}rager},
    url = "http://perso.eleves.bretagne.ens-cachan.fr/~oroub842/dvlpts/Rothstein_Trager.pdf",
}
@ARTICLE{PAXrsMn,
    author = {Monmarché, Pierre},
    title = {Développements},
    year = {18 mai 2011},
    url = "http://perso.eleves.bretagne.ens-cachan.fr/~pmonm570/fichiers/1-total.pdf",
}

@ARTICLE{JMYQgLO,
    author = {Pouvreau, Maxime},
    title = {Pseudo-réduction simultanée},
    year = {2013-2014},
    url = "http://minerve.bretagne.ens-cachan.fr/images/Pseudored.pdf",
}

@ARTICLE{HQwoZZJ,
    title = {Solution élémentaire de l'équation de {S}chrödinger},
    year = {12 avril 2012},
    url = "http://minerve.bretagne.ens-cachan.fr/images/Schrodinger.pdf",
}

@ARTICLE{DRcmzcB,
    author = {Saint Raymond, Jean},
    title = {Semi-normes},
    url = "http://www.math.jussieu.fr/~raymond/preprints/seminormes.pdf",
}

@ARTICLE{RGWgOms,
    author = {Lessard, Sabin},
    title = {Cours de processus stochastiques},
    year = {2013},
    url = "http://www.dms.umontreal.ca/~lessards/ProcessusStochastiquesLessard2014.pdf",
}

@ARTICLE{TQSWRiz,
    author = {Carlier, Guillaume},
    title = {Analyse fonctionnelle},
    year = {2009-20010},
    url = "https://www.ceremade.dauphine.fr/~carlier/poly2010.pdf",
}

@ARTICLE{UQerHHk,
    author = {Bernard, Pierre},
    title = {Entiers algébriques et racines de l'unité},
    year = {7 janvier 2012},
    url = "http://allken-bernard.org/pierre/weblog/?p=2061",
}

@ARTICLE{ADEyNiz,
    author = {Dingoyan, Pascal},
    year = {Chapitre 5},
    url = "http://www.math.jussieu.fr/~dingoyan/lescours/lm367-pageweb/lm367-chapitre5.pdf",
}

 @misc{DVEIity,
   author = "Wikipédia",
   title = "Polynôme cyclotomique --- Wikipédia{,} l'encyclopédie libre",
   year = "2013",
   url = "http://fr.wikipedia.org/w/index.php?title=Polyn%C3%B4me_cyclotomique&oldid=93751495",
   note = "[En ligne; Page disponible le 25-juin-2013]"
 }

@misc{UXMTXxl,
   author = "Wikipédia",
   title = "Permutation --- Wikipédia{,} l'encyclopédie libre",
   year = "2013",
   url = "http://fr.wikipedia.org/w/index.php?title=Permutation&oldid=89805226",
   note = "[En ligne; Page disponible le 24-juin-2013]"
 }

@ARTICLE{SQxrsoL,
    author = {Antonini, C.  and Quint, JF. and Borgnat, P. and Bérard, J. and Lebeau, E. and Souche, E. and Chateau, A. and Teytaud, O.},
    title = {Le théorème de Wedderburn},
    url = "http://www.les-mathematiques.net/d/a/w/node5.php",
}

@ARTICLE{PVWUyDH,
    author = {Antonini, C.  and Quint, JF. and Borgnat, P. and Bérard, J. and Lebeau, E. and Souche, E. and Chateau, A. and Teytaud, O.},
    title = {Quelques résultats d'unicité},
    url = "http://www.les-mathematiques.net/a/i/d/node1.php#T42",
}


@ARTICLE{MQeVsLR,
    author = {Antonini, C.  and Quint, JF. and Borgnat, P. and Bérard, J. and Lebeau, E. and Souche, E. and Chateau, A. and Teytaud, O.},
    title = {La formule de changement de variable},
    url = "http://www.les-mathematiques.net/a/i/d/node4.php",
}


 @misc{QXuqdoo,
   author = "Wikipédia",
   title = "Suite arithmético-géométrique --- Wikipédia{,} l'encyclopédie libre",
   year = "2013",
   url = "http://fr.wikipedia.org/w/index.php?title=Suite_arithm%C3%A9tico-g%C3%A9om%C3%A9trique&oldid=88168841",
   note = "[En ligne; Page disponible le 16-juin-2013]"
 }

@ARTICLE{AEyhwdo,
    author = {Lemire, Daniel},
    title = {Les chaînes de {M}arkov},
    url = "http://benhur.teluq.uqam.ca/SPIP/inf6460/article.php3?id_article=108&id_rubrique=13&sem=11",
}

@ARTICLE{GMbugcT,
    author = {Berglund, Nils},
    title = {Chaînes de {M}arkov},
    year = {Décembre 2007},
    url = "http://www.univ-orleans.fr/mapmo/membres/berglund/markov.pdf",
}

@ARTICLE{ABrKyxY,
    author = {Rivoirard, Vincent and Stoltz, Gilles},
    title = {Estimation de densité de probabilités},
    url = "http://www.math.ens.fr/statenaction/PDF/Densite-Principal.pdf",
}

@ARTICLE{ISpsBzT,
    author = {Chambert-Loir, Antoine},
    title = {Introduction aux groupes et algèbres de {L}ie},
    year = {2004-2005},
    url = "http://www.math.u-psud.fr/~chambert/enseignement/2004-05/lie/lie.pdf",
}

@ARTICLE{DHdwZRZ,
    author = {Boillaud, romain},
    title = {Séries de fonctions},
    year = {2010-2011},
    url = "http://www.rblld.fr/cours/chap6.pdf",
}

@ARTICLE{YHRSDGc,
    author = {Mauray, B.},
    title = {Intégration jusqu'au théorème de {L}ebesgue},
    year = {2006},
    url = "www.math.jussieu.fr/~maurey/agreg/Textes/Lebesgue.pdf",
}

@ARTICLE{TUEWwUN,
    author = {Mauray, B.},
    title = {Convolution, inégalités, approximations et régularisation},
    year = {2007},
    url = "www.math.jussieu.fr/~maurey/agreg/Textes/Convolution.pdf",
}

@ARTICLE{NJsYInp,
    author = {Gomez, Richard},
    title = {Séries de {F}ourier},
    year = {10 octobre 2010},
    url = "http://megamaths.perso.neuf.fr/rg/fourier.pdf",
}

@ARTICLE{HPJdGNV,
    author = {Merle, Michel},
    title = {Espaces de {H}ilbert},
    year = {2004-2005},
    url = "http://www-math.unice.fr/~merle/Algebre_et_geometrie/hilbert.pdf",
}

@ARTICLE{LJZzubL,
    author = {Suquet, Charles},
    title = {Intégration, analyse de {F}ourier, probabilités},
    year = {2 septembre 2010},
    url = "http://math.univ-lille1.fr/~suquet/Polys/IFP.pdf",
}

@ARTICLE{BDAUUGu,
    title = {Transformée de {F}ourier},
    url = "http://www.univ-sba.dz/fsi/lmd/Math3/Transform-Fourier.pdf",
}

@ARTICLE{SOdaAdx,
    author = {Mischler, Stéphane},
    title = {Semi-norme et introduction aux evtlcs},
    year = {Février 2007},
    url = "https://www.ceremade.dauphine.fr/~mischler/Enseignements/AFAENS/Chap1evtlcs.pdf",
}

@ARTICLE{OEVAuEz,
    author = {Benzoni, Sylvie},
    title = {Distributions tempérées},
    year = {13 novembre 2013},
    url = "http://math.univ-lyon1.fr/~benzoni/Agreg/Distributions.pdf",
}

@ARTICLE{CXCQJIt,
    author = {Leborgne, Gilles},
    title = {Introduction à la théorie des distributions},
    year = {16 mai 2013},
    url = "http://www.isima.fr/~leborgne/IsimathDistributions/distrib.pdf",
}

@ARTICLE{JIFGuct,
    author = {Poupaud, F.},
    title = {Analyse fonctionnelle pour la licence},
    url = "http://math.unice.fr/~rascle/pdffiles/coursanapp/ana-fonc.pdf",
}


@ARTICLE{CPheFRq,
    title = {Intégration de fractions rationnelles},
    url = "http://blascheck.franck.free.fr/IMG/pdf/IntegFracRat.pdf",
}

@ARTICLE{LTjwacY,
    author = {Chyzak, Frédéric},
    title = {Intégration symbolique des fractions rationnelles},
    year = {Décembre 2004},
    url = "http://www.enseignement.polytechnique.fr/informatique/profs/Frederic.Chyzak/CF-2004/notes-IntRat.pdf",
}

@ARTICLE{RXvMqkd,
    author = {Coste, Michel},
    title = {Sous-groupes compacts du groupe linéaire},
    year = {29 septembre 2006},
    url = "http://agreg-maths.univ-rennes1.fr/documentation/docs/ssgrpecompact.pdf",
}

@ARTICLE{NOojwDf,
    author = {David, Marie-Claude and Haglund, Frédéric and Perrin, Daniel},
    title = {Géometrie affine. {D}ocument de travail pour la préparation au {CAPES}. {D}euxième partit : barycentre},
    year = {8 décembre 2003},
    url = "http://omphale.math.u-psud.fr/~mcld/GAEL/Gael/bar.pdf",
}

@ARTICLE{IQeaKlP,
    author = {David, Marie-Claude and Haglund, Frédéric and Perrin, Daniel},
    title = {Géometrie affine. {D}ocument de travail pour la préparation au {CAPES}. {T}roisième partie : convexité},
    year = {8 décembre 2003},
    url = "http://omphale.math.u-psud.fr/~mcld/GAEL/Gael/conv.pdf",
}

@ARTICLE{NHXUsTa,
    author = {Loustau, Brice},
    title = {Développements d'algèbre pour l'agrégation},
    year = {2008},
    url = "http://brice.loustau.free.fr/deval.pdf",
}

@ARTICLE{JJdQPyK,
    author = {Lissy, Pierre},
    title = {Décomposition polaire},
    year = {30 avril 2010},
    url = "http://www.ljll.math.upmc.fr/~lissy/Agreg/developpements/DecPol.pdf",
}

@ARTICLE{WNxwuWc,
    author = {Munnier, A.},
    title = {Théorie des équations différentielles ordinaires},
    year = {2006-2007},
    url = "http://www.iecn.u-nancy.fr/~munnier/files/cours_edo.pdf",
}

@ARTICLE{HRIMAJJ,
    author = {Lissy, Pierre},
    year = {6 avril 2010},
    url = "http://www.ljll.math.upmc.fr/~lissy/Agreg/developpements/Died.pdf",
}

@ARTICLE{KXjFWKA,
    author = {Girand, Arnaud},
    title = {Développements pour l'agrégation externe de mathématiques},
    year = {18 août 2012},
    url = "http://perso.univ-rennes1.fr/arnaud.girand/pdf/dvp_agreg/dvp.pdf",
}

@ARTICLE{XPautfO,
    author = {Fauchier-Magnan, Louis},
    title = {Introduction à la théorie de {M}orse},
    url = "http://cqfd.epfl.ch/webdav/site/cqfd/shared/projets/igat/Introduction à la théorie de Morse - Louis Fauchier-Magnan.pdf",
}

@ARTICLE{VKqpMYL,
    author = {Comte, Georges},
    title = {Lemme de {M}orse},
    year = {2009-2010},
    url = "http://gc83.perso.sfr.fr/Agregation/Lemme de Morse.pdf",
}


@ARTICLE{ZCKMFRg,
    author = {Flaminio, Livio},
title = {Éléments de géométrie différentielle},
    year = {29 octobre 2009},
    url = "http://www-gat.univ-lille1.fr/~flaminio/M403/2009-2010/cours_geo_top.pdf",
}

@ARTICLE{JBRzHwn,
    author = {Antonini, C.  and Quint, JF. and Borgnat, P. and Bérard, J. and Lebeau, E. and Souche, E. and Chateau, A. and Teytaud, O.},
    title = {Complété d'un espace métrique},
    url = "http://www.les-mathematiques.net/a/a/b/node26.php",
}

@ARTICLE{GGIibHE,
    author = {Casselman, Bill},
    title = {Cauchy's criterion for convergence},
    year = {2000},
    note = {\\\url{http://www.math.ubc.ca/~cass/courses/m220-00/cauchy.pdf}},
}


@ARTICLE{JBRzHwn,
    author = {Antonini, C.  and Quint, JF. and Borgnat, P. and Bérard, J. and Lebeau, E. and Souche, E. and Chateau, A. and Teytaud, O.},
    title = {Espaces métriques compacts},
    note = {\\\url{http://www.les-mathematiques.net/a/a/b/node22.php}},
}

@ARTICLE{GQolaof,
    author = {Vieillard Baron, Emmanuel},
    title = {Déterminant d'une matrice, d'une application linéaire},
    year = {2001},
    note = {\\\url{http://www.les-mathematiques.net/b/e/d/node5.php}},
}

@ARTICLE{SMPaVRN,
    author = {Morel, Yoann},
    title = {Divers cours et devoirs},
    year = {2010},
    note = {\\\url{http://xymaths.free.fr/}},
}

@ARTICLE{NVPEWqD,
    author = {Daval, Nathalie},
    title = {Statistiques},
    year = {2010},
    note = {\\\url{http://mathematiques.daval.free.fr/IMG/pdf/Statistiques_Cours.pdf}},
}


@ARTICLE{MPQfqzH,
    author = {Lenzen, M.},
    title = {Contrôle numéro 8},
    year = {31 mai 2012},
    note = {\\\url{http://www.capes-de-maths.com/2nde/Devoirs1112/2cont8_C.pdf}},
}

@ARTICLE{UWmavvs,
    author = {Daval, Nathalie},
    title = {Devoir surveillé numéro 11},
    year = {26 avril 2010},
    note = {\\\url{http://mathematiques.daval.free.fr}},
}

@ARTICLE{SOUebhB,
    author = {S.,Christian},
    title = {Quelque placements},
    note = {\\\url{http://www.ac-strasbourg.fr/fileadmin/pedagogie/mathematiques/TICE/Activites/placements.pdf}},
}

@ARTICLE{TCTTabY,
    note = {Provient, paraît-il d'un exercice de bac. 1989.\\\url{http://qotsaupload.free.fr/1STI/suite/cours.PDF}},
}


@ARTICLE{PRhtJYn,
    note = {\url{http://fr.wikiversity.org/wiki/Cours_de_mathématiques_de_première_STG/Suites_arithmétiques_et_géométriques/Définitions}},
}

@ARTICLE{IYfYrIl,
    note = {\url{http://fr.wikiversity.org/wiki/Cours_de_mathématiques_de_première_STG/Suites_arithmétiques_et_géométriques/Suites_géométriques}},
}

@ARTICLE{OXFtEPY,
    note = {\url{http://www.ilemaths.net/forum-sujet-520145.html}},
}

@ARTICLE{OUWNooSnUGtp,
    url = "http://www.ilemaths.net/maths_4_proportionnalite_9exos.php",
}

@ARTICLE{EVuSlyo,
    note = {\url{http://www.ilemaths.net/forum-sujet-541171.html}},
}

@ARTICLE{XZZqclR,
    author = {Les nations unies},
    title = {Objectif 7 : assurer un développement durable},
    note = {\\\url{https://www.un.org/fr/millenniumgoals/pdf/goal7.pdf}},
}

@ARTICLE{KXZPUlP,
    author = {Jancovici, Jean-Marcj},
    title = {Que pouvons nous émettre comme ${CO}_2$ si nous voulons lutter efficacement contre le réchauffement climatique ?},
    note = {\\\url{http://www.manicore.com/documentation/serre/quota_GES.html}},
}

@ARTICLE{NAJYXNC,
    author = {La wikiversité},
    note = {\\\url{http://fr.wikiversity.org/wiki/Cours_de_mathématiques_de_seconde/Résolution_algébrique_et_graphique_d'équations/Exercices/Vrai_Faux_sur_l'égalité_d'expressions}},
}

@ARTICLE{HYlEAxq,
    author = {Delahaye, Xavier},
    title = {xmaths},
    note = {\\\url{http://xmaths.free.fr/1S/exos/1SstatexA2.pdf}},
}

@ARTICLE{CZGPooHfjqoe,
    author = {Eduscol},
    title = {Les nombres au collège},
    year = {2006},
    url = "http://cache.media.eduscol.education.fr/file/Programmes/17/2/doc_acc_clg_nombres_109172.pdf",
}

@ARTICLE{OKVNooPaSsCO,
    author = {Eduscol},
    title = {Géométrie au collège},
    year = {juillet 2007},
    url = "http://cache.media.eduscol.education.fr/file/Programmes/17/0/doc_acc_clg_geometrie_109170.pdf",
}

@ARTICLE{OXPooDhCfcW,
    author = {Eduscol},
    title = {Raisonnement et démonstration},
    year = {2009},
    url = "http://cache.media.eduscol.education.fr/file/Mathematiques/50/0/doc_acc_clg_raisonnementetdemonstration_223500.pdf",
}

@ARTICLE{HTPiNKe,
    author = {Eduscol},
    title = {Ressources pour la classe de première générale et technologique. {A}nalyse.},
    note = {\\\url{http://cache.media.eduscol.education.fr/file/Mathematiques/85/8/doc-accompagnement-analyse-premiere-final_212858.pdf}},
}


@ARTICLE{JqcbOc,
    author = {Éducation nationale},
    title = {Statistiques et probabilités},
    year = {Juin 2011},
    note = {\\\url{http://media.eduscol.education.fr/file/Mathematiques/12/7/LyceeGT_Ressources_Maths_1_Statistiques_Probabilites_182127.pdf}},
}


@ARTICLE{ReQxlX,
    author = {Ministère de l'éducation nationale},
    title = {Statistiques et probabilités},
    year = {Février 2012},
    note = {\\\url{http://media.eduscol.education.fr/file/Mathematiques/59/6/Ressource_Statistiques_Probabilites_1eres_208596.pdf}},
}


@ARTICLE{EUDiHAq,
    author = {Eduscol},
    title = {Mathématiques série {STG}, exemples d'exercices},
    year = {28 avril 2006},
    note = {\\\url{http://cache.media.eduscol.education.fr/file/Lycee/79/8/maths-STG-ex2006_111798.pdf}},
}



@ARTICLE{ZNloWAM,
    author = {Connan, Guillaume},
    title = {Divers {DM} de seconde},
    note = {\url{http://tehessin.tuxfamily.org/?page=35}},
}


@ARTICLE{YDRqwN,
    author = {Ribereau, Pierre},
    title = {Schéma de Bernoulli},
    note = {\\\url{http://www.math.univ-montp2.fr/~ribereau/203/6.pdf}},
}


@ARTICLE{BPizfV,
    note = {\url{http://mathadoc.sesamath.net/Documents/mp/bacpro/bacfonc/fonc1_ds.PDF}},
}

@ARTICLE{VhTiRd,
    note = {\url{http://www.ilemaths.net/maths_5-triangles-cours.php}},
}


@ARTICLE{GUuyDTT,
    note = {\url{http://www.ilemaths.net/forum-sujet-530132.html}},
}


@ARTICLE{nhcezt,
    year = {23 septembre 2012},
    note = {\\\url{http://www.ilemaths.net/forum-sujet-506815.html}},
}


@ARTICLE{yegufS,
    year = {23 septembre 2012},
    note = {\\\url{http://www.ilemaths.net/forum-sujet-506588.html}},
}


@ARTICLE{LVLruu,
    year = {23 septembre 2012},
    note = {\\\url{http://www.ilemaths.net/forum-sujet-506527.html}},
    otherinfo = {<++>}
}<++>


@ARTICLE{mVKzlq,
    year = {2012},
    note = {\\\url{http://www.ilemaths.net/forum-sujet-506273.html}},
}


@ARTICLE{qyKnLf,
    author = {Royer, Emmanuel and Nourigat, Michèle and Varro,  Richard},
    title = {fiche d'exercices 3 : statistique descriptive (suite)},
    year = {2005-2006},
    note = {\\\url{http://www.univ-montp3.fr/miap/ens/AES/L1/optionmath/td3AesOption.pdf}},
}

@ARTICLE{NAuSlZN,
    author = {Royer, Emmanuel and Nourigat, Michèle and Varro,  Richard},
    title = {fiche d'exercices 2 : statistiques descriptives},
    year = {2005-2006},
    note = {\\\url{http://www.univ-montp3.fr/miap/ens/AES/L1/optionmath/td2AesOption.pdf}\\
    Voir aussi le site\\
    \url{http://www.univ-montp3.fr/miap/ens/AES/L1/optionmath/}},
}


@ARTICLE{TqcjwY,
    author = {La taverne de l'Irlandais},
    title = {Triangles isométriques et semblables},
    url= "http://tanopah.jo.free.fr/seconde/trianglesisometriques.pdf"
}

@ARTICLE{SVSFooIOYShq,
    author = {La taverne de l'Irlandais},
    title = {De la réduction des endomorphismes},
    year = {2001},
    url = "http://tanopah.jo.free.fr/epilogues/reduction.pdf",
}


@ARTICLE{oklaEg,
    author = {Lenzen, M.},
    title = {Cours 2nde},
    note = {\\\url{http://www.capes-de-maths.com/2nde/Cours2nde.pdf}},
}


@ARTICLE{BAIljy,
    author = {Botton, Daniel},
    title = {Devoir en classe},
    year = {décembre 2011},
    note = {\\\url{http://www.daniel-botton.fr/mathematiques/seconde/geometrie_plane/seconde_geometrie_plane_devoir.pdf}},
}


@ARTICLE{JGAdTA,
    author = {Mourougane, Christophe },
    title = {Théorie des groupes et géométrie},
    year = {2008-2009},
    note = {\\\url{http://perso.univ-rennes1.fr/christophe.mourougane/enseignements/2008-9/THGG/poly.groupes.pdf}},
}


@ARTICLE{OhReLF,
    author = {Mathieu, G. and Rousseau, G.},
    title = {Géométrie euclidienne classique},
    note = {\\\url{http://www.iecn.u-nancy.fr/~rousseau/LMI5.35/polyGEC.pdf}},
}


@ARTICLE{tzHydF,
    title = {Groupes diédraux},
    note = {\\\url{http://theoriedesgroupes.perso.sfr.fr/cours/Diedraux.pdf}},
}

@Article{NhCRhg,
    author = {Romagny, Matthieu},
    title  = {Représentations linéaires des groupes finis},
    year   = {2010-2011},
    note   = {\\\url{http://www.math.jussieu.fr/~romagny/agreg/theme/rlgf_paysage.pdf}},
}

@Article{YDXsAM,
    author = {Sage, Marc},
    title  = {Sons, fréquences, harmoniques, tons : le compromis du piano},
    note   = {\\\url{http://www.normalesup.org/~sage/Musique/Harmonie.pdf}},
}

@Article{LoFdlw,
    author = {Mourougane, Christophe},
    title  = {Théorie des groupes et géométrie},
    year   = {2009-2010},
    note   = {\\\url{http://perso.univ-rennes1.fr/christophe.mourougane/enseignements/2009-10/THGG/poly.groupes.pdf}},
}

@Article{LSAmvR,
    author = {Amorri, Mongi},
    title  = {Théorème de Bezout, théorème de Gauss},
    note   = {\\\url{ttp://lux.lyceefrancais-brasilia.net/documents/cours/ts/bezout_gauss.pdf}},
}

@Article{ioQeKU,
    author = {Harari, David},
    title  = {Groupes et géométriqe},
    note   = {\\\url{http://www.math.u-psud.fr/~harari/exposes/geom.pdf}},
}

@Article{ZHDEie,
    author = {Besbes, Mourad},
    title  = {Chapitre 5 : espaces métriques complets, espaces de Banach},
    note   = {\\\url{http://besbes.mourad.free.fr/Enseignement/Topologie/Chapitre5.pdf}},

}

@Article{bJOSNQ,
    author = {Maurey, B.},
    year   = {9 mars 2011},
    note   = {\\\url{http://www.math.jussieu.fr/~maurey/IntegProba/Cours/CoursIP101-14.pdf}},
}

@Article{uTyBDj,
    author = {Lion, Jean-Marie},
    title  = {Fonctions holomorphes d'une variable},
    year   = {5 mai 2004},
    note   = {\\\url{http://perso.univ-rennes1.fr/jean-marie.lion/coursholo.pdf}},
}

@Article{NEBgfg,
    author = {Charpentier, Philippe},
    title  = {Analyse complexe},
    year   = {Septembre 2010},
    note   = {\\\url{http://www.math.u-bordeaux1.fr/~pcharpen/enseignement/fichiers-master1/Analyse_Complexe.pdf}},
}

@Article{sZiwBQ,
    author = {David, Marie-Claure and Haglund, Frédéric and Perrin, Daniel},
    title  = {Géométrie affine},
    year   = {8 décembre 2003},
    note   = {\\\url{http://webens.math.u-psud.fr/~mcld/GAEL/Gael/bar.pdf}},
}

@Article{rqrNyg,
    author = {Pantchichkine, Alexei},
    title  = {Algèbre2},
    year   = {2004-2005},
    note   = {\\\url{http://www-fourier.ujf-grenoble.fr/~panchish/05ensl.pdf}},
}

@Article{XPXxPl,
    author = {Anonyme},
    title  = {sans titre},
    note   = {\\\url{http://www.ac-grenoble.fr/champo/IMG/arithmetique.pdf}},
}

@Article{vgQYwF,
    author = {Polo, Patrick},
    title  = {Extensions normales, séparables, galoisiennes. Corps fini.},
    year   = {2007-2008},
    note   = {\\\url{http://www.math.jussieu.fr/~polo/M1/ATG07chVIII.pdf}},
}

@Article{naKXuR,
    author = {Parusinski,Adam},
    title  = {Théorème de {D}irichlet (version faible)},
    year   = {2010-2011},
    note   = {\\\url{http://math.unice.fr/~parus/AGREG/Dev/dirichlet.pdf}},
}

@Article{cBugmi,
    author = {Quirin, Kevin},
    title  = {Le théorème de {B}urnside},
    year   = {2011-2012},
    note   = {\\\url{http://kevin.quirin.free.fr/Trucs/agreg/dvt_burnside.pdf}},
}
@Article{jqZSyG,
    author = {Quirin, Kevin},
    title  = {Théorème de {M}üntz},
    note   = {\\\url{http://kevin.quirin.free.fr/Trucs/agreg/Dvt_Muntz.pdf}},
}

@ARTICLE{MJEooXxBFFY,
    author = {Quirin, Kevin},
    title = {Développements},
    year = {2011-2012},
    url = "http://kevin.quirin.free.fr/Trucs/agreg/developpements.pdf",
}

@Article{ytMOpe,
    author = {Pellerin, Sebastien},
    title  = {Développements d'analyse pour l'oral de l'agrégation},
    note   = {\\\url{http://www.sebastien-pellerin.fr/zfiles/agreg/devanalyse.pdf}},
}

@Article{fJhCTE,
    author = {Pellerin, Sebastien},
    title  = {Développements d'algèbre pour l'oral de l'agrégation},
    note   = {\\\url{http://www.sebastien-pellerin.fr/zfiles/agreg/devalgebre.pdf}},
}

@Article{NsoHIL,
    author = {Pellerin, Sébastien},
    title  = {Action du groupe modulaire sur le demi-plan de {P}oincaréé},
    note   = {\\\url{http://dynamaths.free.fr/docs/lecons/developpement_algebre_6.pdf}},
}

@Article{oYGash,
    author = {Lissy, Pierre},
    title  = {Déterminant de Cauchy et application au théorème de {M}üntz},
    year   = {5 mai 2010},
    note   = {\\\url{http://www.ljll.math.upmc.fr/~lissy/Agreg/developpements/CauchyMuntz.pdf}},
}

@Article{RollandRobertjyYDzY,
    author = {Rolland, Robert},
    title  = {Le théorème de {M}üntz-Szász},
    year   = {},
    note   = {\\\url{http://megamaths.perso.neuf.fr/rr/fichexo_201.pdf}},
}

@Article{OorXst,
    author = {Dodane, Olivier},
    title  = {Le théorème de zéros de {H}ilbert},
    year   = {8 octobre 2007},
    note   = {\\\url{http://www.math.ens.fr/~debarre/nullstellensatz.pdf}},
}

@Article{NjCCfW,
    author = {Lissy, Pierre},
    title  = {Théorème de {Jordan}-{H}ölder},
    year   = {6 avril 2010},
    note   = {\\\url{http://www.ljll.math.upmc.fr/~lissy/Agreg/developpements/JordanHolder.pdf}},
}

@Article{jxWKGB,
    author = {Igusa, Kioshi},
    title  = {Notes on {J}ordan-{H}ölder},
    year   = {},
    note   = {\\\url{http://people.brandeis.edu/~igusa/Math30/JHolder.pdf}},
}

@Article{HEBOFl,
    author = {Renfer, Pierre},
    title  = {Roulettes et colliers},
    year   = {},
    note   = {\\\url{http://les.mathematiques.free.fr/pdf/collier.pdf}},
}

@Article{FSwlnf,
    author = {Mercier, Danny-Jack},
    title  = {Anneaux factoriels},
    year   = {5 octobre 2003},
    note   = {\\\url{http://megamaths.perso.neuf.fr/cours/ari/cann0001.pdf}},
}

@Article{DupFourEsdgKEI,
    author = {Delaunay, David},
    title  = {Séries de {F}ourier},
    year   = {8 juin 2012},
    note   = {\\\url{http://mp.cpgedupuydelome.fr/pdf/Séries de Fourier.pdf}},
}

@Article{KDUFooVxwqlC,
    author = {Delaunay, David},
    title  = {Nilpotence},
    year   = {10 juillet 2014},
    url = "http://mp.cpgedupuydelome.fr/pdf/Réduction des endomorphismes - Nilpotence.pdf",
}


@Article{PoloPolSym,
    author = {Polo, Patrick},
    title  = {Polynômes symétriques et résolutions d'équations},
    year   = {13 décembre 2004},
    note   = {\\\url{http://www.math.jussieu.fr/~polo/M1/ATGch9.pdf}},
}

@Article{PaulinTopGmVegN,
    author = {Paulin, Frédéric},
    title  = {Topologie, analyse et calcul différentiel},
    year   = {2008-2009},
    note   = {\\\url{http://www.math-question-center.com/publications-pdf/cours_d'analyse+topologie_et_calcul_differntiel_Frederic_Paulin.pdf}},
}

% Note : Marc Sage fait partie de ces gars qui ont écrit sur leur site qu'ils
% veulent bien des critiques de leurs documents.
@Article{DualMarcSAge,
    author = {Sage, Marc},
    title  = {Dualité en dimension finie},
    year   = {24 octobre 2005},
    note   = {\\\url{http://www.normalesup.org/~sage/Cours/DualDimFinie.pdf}},
}

@Article{BezoutCos,
    author = {Costantini, Gilles},
    title  = {pgcd et ppcm dans {$\eZ$}, théorème de {B}ezout, applications},
    year   = {},
    note   = {\\\url{http://gilles.costantini.pagesperso-orange.fr/agreg\_fichiers/bezout.pdf}},
}

@Article{BaireZied,
    author = {Ammari, Zied},
    title  = {Analyse fonctionnelle : Pré-requis},
    year   = {},
    note   = {\\\url{http://perso.univ-rennes1.fr/zied.ammari/other/pdf/chapitre1.pdf}},
}

@Article{LetacGen,
    author = {Letac, Gérard},
    title  = {Calcul des probabilités, {D}eug 2ième année},
    year   = {juin 2001},
    note   = {\\\url{http://les.mathematiques.free.fr/pdf/proba.zip}},
}

@Article{MarkGuy,
    author = {Guyader, Arnaud},
    title  = {Espérance conditionnelle et chaînes de {M}arkov},
    year   = {200-2008},
    note   = {\\\url{http://www.sites.univ-rennes2.fr/laboratoire-statistique/AGUYADER/doc/proba/poly.pdf}},
}

@Article{PMCmartinLP,
    author = {Lacroix, Jean and Priouret, Pierre},
    title  = {Probabilités approfondies},
    year   = {2005-2006},
    note   = {\\\url{http://www.proba.jussieu.fr/cours/processus.pdf}},
}

@Article{GubinelliMartin,
    author = {Gubinelli, Massimiliano},
    title  = {Comportement asymptotique des martingales},
    year   = {2011-2012},
    note   = {\\\url{http://www.ceremade.dauphine.fr/~mgubi/e1112/pd3.pdf}},
}

@Article{VincentBa,
    author = {Bansaye, Vincent},
    title  = {Variables aléatoires, espérance, indépendance},
    year   = {},
    note   = {\\\url{http://www.cmap.polytechnique.fr/~bansaye/CoursTD2.pdf}},
}

@Article{ThjoTrnSaada,
    author = {Saada, Daniel},
    title  = {Note sur le théorème de transfert pour les variables aléatoires réelles},
    year   = {18 octobre 2012},
    note   = {\\\url{http://www.les-mathematiques.net/phorum/file.php?12,file=17435,filename=th_du_tranfert.pdf}},
}

@Article{FresnelDavidS,
    author = {Sirajuddin, David},
    title  = {Fresnel integrals},
    year   = {2008},
    note   = {\\\url{http://itcanbeshown.com/integrals/Fresnel Integrals/fresnel_integrals.pdf}},
}

@Article{GalIEl,
    author = {El Hage},
    title  = {Équation générale de degré $n$},
    year   = {},
    note   = {\\\url{http://les.mathematiques.free.fr/pdf/gal10.pdf}},
}

@Article{NielsBMorph,
    author = {Borne,Niels},
    title  = {Fiche numéro 2 : morphismes, sous-groupe distingué, quotient},
    year   = {2009-2012},
    note   = {\\\url{http://math.univ-lille1.fr/~borne/Enseignement/TD2_M308.pdf}},
}

@Article{MoncetIVS,
    author = {Moncet, Arnaud},
    title  = {Invariants de similitude},
    year   = {},
    note   = {\\\url{http://blogperso.univ-rennes1.fr/arnaud.moncet/public/IVS.pdf}},
}

@Article{RombaldiO,
    author = {Rombaldi, Jean-Etienne},
    title  = {Polynômes d'endomorphismes en dimension finie. Applications},
    year   = {},
    note   = {\\\url{http://www-fourier.ujf-grenoble.fr/~rombaldi/AgregInterne/Oral1/110.pdf}},
}

@Article{PDFpersoWanadoo,
    author = {Anonyme},
    title  = {Théorie des groupes},
    year   = {2008},
    note   = {\\\url{http://theoriedesgroupes.perso.sfr.fr/cours/theoriePDF.pdf}},
}

@Article{FabricegPSFinis,
    author = {Castel, Fabrice},
    title  = {Groupes finis},
    year   = {2009-2012},
    note   = {\\\url{http://agreg-maths.univ-rennes1.fr/documentation/docs/Groupes_finis.pdf}},
}

@Article{ChrLauThiHolo,
    author = {Laurent-Thiébaut, Christine},
    title  = {Fonctions holomorphes},
    year   = {2011},
    note   = {\\\url{http://ljk.imag.fr/membres/Bernard.Ycart/mel/fh/fh.pdf}},
}

@Article{AutourFrobCompa,
    author = {Carrieu, Hervé and Fadel, Maurice and Fieux, Etienne and Lassère, Patrice and Rodriguez, Frédéric},
    title  = {Autour des matrices de {F}robenius ou compagnon},
    year   = {2007},
    note   = {\\\url{http://www.math.univ-toulouse.fr/~lassere/pdf/vfcomp.pdf}},
}

@Article{CongrDuchSyl,
    author = {Duchet, Sylvain},
    title  = {Congrugence dans {$\eZ$}, Anneaux {$\eZ/n\eZ$}, applications},
    year   = {},
    note   = {\\\url{http://epsilon.2000.free.fr/Csup/congruences.pdf}},
}

@Article{MGecheleSW,
    author = {Gechele, Michael},
    title  = {Théorème de Stone-Weierstrass},
    year   = {},
    note   = {\\\url{http://michael.gechele.perso.neuf.fr/Agregation/Theoreme_Stone_Weierstrass.pdf}},
}

@Article{RasclAnaFonc,
    author = {Rascle, Michel},
    title  = {Analyse fonctionnelle pour la licence},
    year   = {},
    note   = {\\\url{http://math.unice.fr/~rascle/pdffiles/coursanapp/ana-fonc.pdf}},
}

@Article{GaussienYoann,
    author = {Gelineau, Yoann},
    title  = {Vecteurs gaussiens},
    year   = {},
    note   = {\\\url{http://math.univ-lyon1.fr/~gelineau/files/vecteurs_gaussiens.pdf}},
}

@Article{RapportArgreg2011,
    author = {Ministère de l'éducation nationale},
    title  = {Rapport de jury de concours -- agrégation de mathématiques, concours externe},
    year   = {2011},
    note   = {\\\url{http://agreg.org/Rapports/rapport2011provisoire.pdf}},
}

@Article{ChaDjelil,
    author = {Djèlil Chafaï},
    title  = {Petit manuel à l'usage des agrégatifs se préparant à l'oral de modélisation stochastique},
    year   = {2002},
    note   = {\\\url{http://djalil.chafai.net/Docs/Agreg/Manuel/agregation.pdf}},
}

@Article{Exo7Sylow,
    author = {Emsalem, Michel and Dèbes, Pierre},
    title  = {Théorème de Sylow},
    year   = {},
    note   = {\\\url{http://exo7.emath.fr/ficpdf/fic00023.pdf}},
}

@Article{MaureyHilbertFourier,
    author = {Maurey, B.},
    title  = {Notes de cours : analyse hilbertienne et de {F}ourier},
    year   = {2008-2009},
    note   = {\\\url{http://www.math.jussieu.fr/~maurey/FourHilb/PolyFH.pdf}},
}

@Article{Holomorphieus,
    author = {Maurey, B.},
    title  = {Holomorphie},
    year   = {7 février 2005},
    note   = {\\\url{http://www.math.jussieu.fr/~maurey/agreg/Textes/Holomorphe045.pdf}},
}

@Article{MesIntProbb,
    author = {Gallouët, Thierry and Herbin, Raphaèle},
    title  = {Mesure, intégration, probabilités},
    year   = {2012},
    note   = {\\\url{http://www.cmi.univ-mrs.fr/~gallouet/licence.d/mes-int-pro.pdf}},
}

@Article{MathAgreg,
    author = {Teytaud, O. and Antonini, C. and Bardet, J.-B. and Quint, J.-F. and De Crisenoy, M. and Borgnat, P. and Bérard, J. and Lebeau, E. and Souche, E. and Chateau, A.},
    title  = {Les mathématiques pour l'{A}grégation},
    year   = {21 mai 2002},
    note   = {\\\url{http://les.mathematiques.free.fr/pdf/agreg.zip}},
}

@Article{DAnSerEntiere,
    author = {Nour-Eddine, Amroun},
    title  = {Cours séries entières},
    year   = {},
    note   = {\\\url{http://www.univ-sba.dz/fsi/lmd/Math3/Cours-seriesentieres.pdf}},
}

@Article{BeaakPtFix,
    author = {Bekka, Bachir},
    title  = {Théorème du point fixe de {M}arkov-{K}akutani : applications à l'existence de mesures de Haar et aux chaînes de {M}arkov},
    year   = {2005},
    note   = {\\\url{http://agreg-maths.univ-rennes1.fr/documentation/docs/PointFixe.pdf}},
}

@Article{RomainBoilEnt,
    author = {Boillaud, Romain},
    title  = {Séries entières},
    year   = {},
    note   = {\\\url{http://www.rblld.fr/cours/chap8.pdf}\\ Voir le cours complet à l'adresse \\\url{http://www.rblld.fr/cours/}.},
}

@Article{ClemKetl,
    author = {Minazzo, Clémence and Rider, Kelsey},
    title  = {Théorèmes du point fixe et applications aux équations différentielles},
    year   = {2006-2007},
    note   = {\\\url{http://math.unice.fr/~eaubry/Enseignement/M1/memoire.pdf}},
}

@Article{LeDretSc,
    author = {Le Dret, Hervé},
    title  = {Notes de cours -- équations aux dérivées partielles elliptiques},
    year   = {2010},
    note   = {\\\url{http://www.ann.jussieu.fr/~ledret/M2Elliptique/chapitre1.pdf}},
}

@Article{ChambertNewton,
    author = {Chambert-Loir, Antoine},
    title  = {Autour de la méthode de Newton},
    year   = {},
    note   = {\\\url{http://perso.univ-rennes1.fr/antoine.chambert-loir/2005-06/agreg/newton.pdf}},
}

@Article{ProjRolland,
    author = {Rolland, Robert},
    title  = {Géométrie projective},
    year   = {},
    note   = {\\\url{http://robert.rolland.acrypta.com/telechargements/geometrie/pr0.pdf}},
}

@Article{SandrineCL,
    author = {Caruso, Sandrine},
    title  = {Théorème de {C}auchy-{L}ipschitz},
    year   = {2009},
    note   = {\\\url{http://boumbo.toonywood.org/sandrine/pageperso/agreg/cauchy-lipschitz.pdf}\\
            Voir aussi la page toute pleine de développement \\
    \url{http://boumbo.toonywood.org/sandrine/pageperso/agreg.html}},
}

@Article{KuttlerTopInAl,
    author = {Kuttler, Kenneth},
    title  = {Topics in Analysis},
    year   = {Janvier 2012},
    note   = {\\\url{http://www.math.byu.edu/~klkuttle/SobolevSpacesB.pdf}\\Juste un indice : ce document fait 2086 pages \ldots j'y arriverais, courage !},
}

@Article{AllardBrouwer,
    author = {Allard, William K},
    title  = {The {B}rouwer fixed point theorem},
    year   = {2004},
    note   = {\\\url{http://www.math.duke.edu/~wka/math204/fixed.pdf}\\
            see also \url{http://www.math.duke.edu/~wka/math204/}},
}

@Article{SpindelGeomDoff,
    author = {Spindel, Philippe},
    title  = {Éléments de géométrie différentielle pour la mécanique analytique et le gravitation},
    year   = {Novembre 2010},
    note   = {\\\url{http://portail.umons.ac.be/FR/universite/facultes/fs/services/institut_physique/mecanique_et_gravitation/Documents/Textes pédagogiques/geometrie_differentielle.pdf}},
}


@ARTICLE{MesureLebesgueLi,
    author = {Li, Daniel},
    title  = {Construction de la mesure de Lebesgue},
    year   = {28 javier 2008},
    url = "http://li.perso.math.cnrs.fr/textes/Integration/Lebesgue.pdf",
}

@Article{TribuLi,
    author = {Li, Daniel},
    title  = {Tribus et mesures},
    year   = {24 mars 2011},
    note   = {\\\url{http://li.perso.math.cnrs.fr/textes/Integration/tribus.pdf}},
}

@Article{NikoLi,
    author = {Li, Daniel},
    title  = {Théorème de Radon-Nikodým et applications},
    year   = {},
    note   = {\\\url{http://li.perso.math.cnrs.fr/textes/AF/mesures.pdf}},
}

@Article{HilbertLi,
    author = {Li, Daniel},
    title  = {Espaces de Hilbert},
    year   = {},
    note   = {\\\url{http://li.perso.math.cnrs.fr/textes/AF/Hilbert.pdf}},
}

@Article{ProbaDanielLi,
    author = {Li, Daniel},
    title  = {Notions fondamentales de la théorie des probabilités},
    year   = {},
    note   = {\\\url{http://labomathlens.free.fr/Liens/ProbaM1/PROBA01.pdf}},
}

@ARTICLE{RIOTOaj,
    author = {Li, Daniel},
    title = {Notions sur les distributions},
    url = "http://labomathlens.free.fr/Liens/AF/distrib.pdf",
}

@Article{BertrandProj,
    author = {Bertrand, Daniel},
    title  = {Géométrie projective},
    year   = {2009-2010},
    note   = {\\\url{http://www.math.jussieu.fr/~bertrand/Enseignement/epdf/Algeo09_chap2.pdf}},
}

@Article{RodierCorpsFinis,
    author = {Rodier, François},
    title  = {Corps finis},
    year   = {},
    note   = {\\\url{http://iml.univ-mrs.fr/~rodier/Cours/RappelCorps finis.pdf}},
}

@Article{GabrielPeyre,
    author = {Peyré, Gabriel},
    title  = {Corps finis},
    year   = {2007},
    note   = {\\\url{www.h-k.fr/publications/objectif-agregation}\\\url{http://www.ceremade.dauphine.fr/~peyre/objectif-agregation/documents/files/corps-fini.pdf}},
}

@Article{MichelMerlecorpsfinis,
    author = {Merle, Michel},
    title  = {corps finis},
    year   = {2005-2006},
    note   = {\\\url{http://www-math.unice.fr/~merle/Complements/corps_finis.pdf}},
}

@Article{DiffExact,
    author = {Casterá, Olivier},
    title  = {Différentielles totales exactes},
    year   = {},
    note   = {\\\url{http://o.castera.free.fr/pdf/Differentielle_totale_exacte.pdf}},
}

@Article{BainKochen,
    author = {Bain, Jonathan},
    title  = {Kochen-{S}pecker and Measurement},
    year   = {2011},
    note   = {\\\url{http://ls.poly.edu/~jbain/philqm/philqmlectures/08.KS&Measurement.pdf}},
}

@Article{NormHKNPKRqV,
    author = {King, Henry C.},
    title  = {Unitary diagonalization of matrices},
    year   = {},
    note   = {\\\url{http://www-users.math.umd.edu/~hck/Normal.pdf}},
}

@Article{LecLinAlgAllen,
    author = {Donald Allen, G},
    title  = {Lectures on linear algebras},
    year   = {2004},
    note   = {\\\url{http://www.math.tamu.edu/~dallen/m640_03c/readings.htm}},
}

@Article{mathmecaChoi,
    author = {Choï, Daniel},
    title  = {Mathématiques pour la mécanique},
    year   = {2008},
    note   = {\\\url{http://www.meca.unicaen.fr/Enseignement/Document/CoursChoi/mathmeca.pdf}},
}

@Article{ProbCOndutetz,
    author = {Kurtzmann, Aline},
    title  = {Espérance conditionnelle},
    year   = {},
    note   = {\\\url{http://www.iecn.u-nancy.fr/~kurtzman/cours/agreg/esperance-conditionnelle.pdf}},
}

@Article{MaurayAnalSpec,
    author = {Mauray, B.},
    title  = {Analyse fonctionnelle et théorie spectrale (version longue)},
    year   = {2001--2002},
    note   = {\\\url{http://www.math.jussieu.fr/~maurey/ts012/poly/lths.pdf}},
}

@Article{FubiniBMauray,
    author = {Mauray, B.},
    title  = {Préparation à l'agrégation, analyse},
    year   = {2011},
    note   = {\\\url{http://www.math.jussieu.fr/~maurey/agreg/index.html}},
}

@Article{Kropholler,
    author = {Kropholler, Peter Hendrikus},
    title  = {GROUPS RINGS AND FIELDS},
    year   = {2004-2005},
    note   = {\\\url{http://www.maths.gla.ac.uk/~phk/ulearning.pdf}},
}

@Article{PersoFeng,
    author = {Jianfeng,Yao},
    title  = {Statistique et logiciels},
    year   = {2010},
    note   = {\\\url{http://perso.univ-rennes1.fr/jian-feng.yao/pedago/statlog/}},
}

@Article{Suquet,
    author = {Suquet, Charles},
    title  = {Simulation},
    year   = {2005-2006},
    note   = {\\\url{http://math.univ-lille1.fr/~suquet/ens/Agr/simul06.pdf}},
}

@Article{SuquetFourierProba,
    author = {Suquet, Charles},
    title  = {Intégration, analyse de Fourier,Probabilités},
    year   = {2003-2004},
    note   = {\\\url{http://math.univ-lille1.fr/~suquet/ens/IFP/Cours/cours04/CoursIFP04.html}},
}

@Article{Marazzi,
    author = {Marazzi, Alfio},
    title  = {},
    year   = {},
    note   = {There are 22 chapters in 22 files. \\\url{http://www.iumsp.ch/Unites/us/Alfio/polybiostat/ch06.pdf}},
}

@Article{CartanRootProject,
    author = {Covert, Thomas R.},
    title  = {The {X}artan matrix of a root system},
    year   = {2005},
    note   = {\\\url{http://ocw.mit.edu/courses/mathematics/18-06ci-linear-algebra-communications-intensive-spring-2004/projects/final_project_5.pdf}},
}

@Article{BrunelleMatricielle,
    author = {Brunelle, Éric},
    title  = {Norme matricielle},
    year   = {},
    note   = {\\\url{http://www.dms.umontreal.ca/~math1600/6Supplement/Normematricielle-1.pdf}},
}

@Article{ProbaLetac,
    author = {Letac, G.},
    title  = {sans titre connu},
    year   = {??},
    note   = {\\\url{http://les.mathematiques.free.fr/pdf/}},
}

@Article{CourgGudRennes,
    author = {Briand, Philippe},
    title  = {Probabilités de base},
    year   = {2005-2006},
    note   = {\\\url{http://www.lama.univ-savoie.fr/~briand/proba/g12_cours.pdf}},
}

@Article{MPSmaitrise,
    author = {Macé, Antonin and Pradeau, Thomas},
    title  = {Exposé de maîtrise. {E}stimations de densités de probabilité},
    year   = {2007},
    note   = {Encadré par Gilles Stoltz.\\\url{http://www.eleves.ens.fr/home/amace/travaux/exposemaitrise.pdf}},
}

@Article{MelroseAnalysis,
    author = {Melrose,Richard},
    title  = {Graduate Analysis, lecture notes},
    year   = {2004},
    note   = {\\\url{http://www-math.mit.edu/~rbm/18.155-F04.html}},
}



@Article{AndrewGreen,
    author = {Andrew, A.D. and Green, W.L.},
    title  = {Spectral theory of operators on {H}ilbert spaces},
    year   = {2002},
    note   = {\\\url{http://people.math.gatech.edu/~green/Spring2002/Ma7334/spectral-theory.pdf}},
}

@Article{Anupam ,
    author = {Anupam, Singh},
    title  = {Representation theory of {L}ie algebras},
    year   = {2007},
    note   = {Workshop on Group Theory 18 Dec 2006 - 5 Jan 2007, Bangalore\\\url{http://www.isibang.ac.in/~statmath/conferences/gt/lie_algebra.pdf}},
}

@Article{Reshetikhin,
    author = {Reshetikhin, Nicolai},
    title  = {Topological Quantum Field Theory and Related Algebraic Structures},
    year   = {2008},
    note   = {\\\url{http://staff.science.uva.nl/~nresheti/masterclass-08.html}},
}

@Article{RolandVertignioux,
    author = {Vergnioux, Roland},
    title  = {Haar integrals on finite and compact quantum groups},
    year   = {2010},
    note   = {\\\url{http://www.math.unicaen.fr/~vergnioux/}},
}

@Article{Farnsteiner,
    author = {Rolf Farnsteiner},
    title  = {Lie algebras with coalgebra splitting},
    year   = {},
    note   = {\\\url{http://www.mathematik.uni-bielefeld.de/~rolf/Lie-Co-Split.pdf}},
}

@Article{Delaroche,
    author = {Claire Anantharaman-Delaroche},
    title  = {On tensor products of group {$C^*$}-algebras and
related topics},
    year   = {2007},
    note   = {\\\url{http://www.univ-orleans.fr/mapmo/membres/anantharaman/publications/Lausanne07.pdf}},
}

@Article{Goodearl,
    author = {Goodearl, K.R.},
    title  = {Commutation relations for arbitrary quantum minors},
    year   = {},
    note   = {\\\url{http://www.math.ucsb.edu/~goodearl/comm.rel.qminors.pdf}},
}

@Article{Koelink,
    author = {Koelink,H. Tjerk},
    title  = {On $*$-representations of the {H}opf $*$-algebra associated with the quantum group {$\gU_q(n)$}},
    year   = {1991},
    note   = {\\\url{http://www.numdam.org/item?id=CM_1991__77_2_199_0}},
}

@Article{AlgOpGirard,
    author = {Girard, Jean-Yves},
    title  = {Introduction aux algèbres d'opérateurs {I} : Des espaces de {H}ilbert aux algèbres stellaires},
    year   = {2002},
    note   = {\\\url{http://recherche.ircam.fr/equipes/repmus/mamux/AlgOpGirard.pdf}}
}

@Article{OlafPostDissertation,
    author = {Post, Olaf},
    title  = {Periodic manifolds, spectral gaps, and eigenvalues in gaps},
    year   = {2000},
    note   = {\\\url{http://www.math.hu-berlin.de/~post/papers/promo-e.pdf}},
}

@Article{KeislerElemCalculus,
    author = {Keisler, H. Jerome},
    title  = {Elementaty calculus, an infinitesimal approach},
    year   = {2010},
    note   = {\\\url{http://www.math.wisc.edu/~keisler/keislercalc-810.pdf}},
}

@Article{DixmierTrace,
    author = {Dixmier, Jacques},
    title  = {Traces sur les {C}*-algebres},
    year   = {1963},
    note   = {\\\url{http://www.numdam.org/item?id=AIF_1963__13_1_219_0}},
}

@Article{TrioloSemifinite,
    author = {Triolo, Salvatore},
    title  = {A note on semifinite von {N}eumann algebra},
    year   = {2009},
    note   = {\\\url{http://math.unipa.it/~salvo/Publication_files/bollettino.pdf}},
}

@Article{VaesLocCompQG,
    author = {Kustermans, Johan and Vaes, Stefaan},
    title  = {Locally compact quantum groups},
    year   = {2000},
    note   = {\\\url{http://archive.numdam.org/article/ASENS_2000_4_33_6_837_0.pdf}},
}

@Article{ArvesonCAR,
    author = {Arveson, William},
    title  = {The canonical anticommutation relations},
    year   = {1998},
    note   = {\\\url{http://web.math.berkeley.edu/~arveson/Dvi/car.pdf}},
}

@Article{CirpianiDirichlet,
    author = {Cipriani, Fabio},
    title  = {Noncommutative Dirichlet forms},
    year   = {2007},
    note   = {Notes based on lectures held at the International Spring School ``Quantum potential theory:structure and applications to physics'', Greisfwald Germany, February, 26 to March, 9 2007\\\url{http://stubber.math-inf.uni-greifswald.de/algebra/qpt/}\\\url{http://stubber.math-inf.uni-greifswald.de/algebra/qpt/cipriani-10jan2008.pdf}},
}

@Article{CiprianiSauvageotSquareRoots,
    AUTHOR = {Cipriani, Fabio and Sauvageot, Jean-Luc},
     TITLE = {Derivations as square roots of {D}irichlet forms},
   JOURNAL = {J. Funct. Anal.},
  FJOURNAL = {Journal of Functional Analysis},
    VOLUME = {201},
      YEAR = {2003},
    NUMBER = {1},
     PAGES = {78--120},
      ISSN = {0022-1236},
     CODEN = {JFUAAW},
   MRCLASS = {46L53 (47D07 60J25)},
  MRNUMBER = {1986156 (2004e:46080)},
MRREVIEWER = {Michael Skeide},
       DOI = {10.1016/S0022-1236(03)00085-5},
       URL = {http://dx.doi.org/10.1016/S0022-1236(03)00085-5},
}


@Article{CiprianiStandardForms,
    AUTHOR = {Cipriani, Fabio},
     TITLE = {Dirichlet forms and {M}arkovian semigroups on standard forms
              of von {N}eumann algebras},
   JOURNAL = {J. Funct. Anal.},
  FJOURNAL = {Journal of Functional Analysis},
    VOLUME = {147},
      YEAR = {1997},
    NUMBER = {2},
     PAGES = {259--300},
      ISSN = {0022-1236},
     CODEN = {JFUAAW},
   MRCLASS = {46L50 (31C25 47D07)},
  MRNUMBER = {1454483 (98i:46067)},
MRREVIEWER = {C. J. K. Batty},
       DOI = {10.1006/jfan.1996.3063},
       URL = {http://dx.doi.org/10.1006/jfan.1996.3063},
}


@Article{Kustermans,
    author = {Kustermans, Johan},
    title  = {Locally compact quantum groups},
    year   = {2005},
    note   = {\\\url{http://staff.science.uva.nl/~riveen/seminar2008_files/Kustermans-LNM1185-2005.pdf}},
}

@Article{CompactQuantumGpWoro,
    author = {Woroniwicz, S.L.},
    title  = {Compact quantum groups},
    year   = {2000},
    note   = {\\\url{http://fuw.edu.pl/~slworono/PDF-y/CQG3.pdf}},
}

@Article{MaximeRey,
    author = {Rey, Maxime},
    title  = {Algèbres de Hopf combinatoires},
    year   = {2005},
    note   = {\\\url{http://www-igm.univ-mlv.fr/~rey/articles/slidesmpri2005.pdf}
    \\\url{http://join.inria.fr/attached-documents/Stages-2005-rapports/rapport-2005-rey.pdf}},
}

@Article{CohoHarBound,
    author = {Cappell, Sylvain and DeTurck, Dennis and Gluck, Herman and Miller, Edward Y.},
    title  = {Cohomology of harmonic forms on Riemannian manifolds with boundary},
    year   = {},
    note   = {\\\url{http://www.math.upenn.edu/~deturck/papers/har-coho-7.pdf}},
}

@Article{JohnsonHodge,
    author = {Johnson, Mathew A.},
    title  = {The Hodge decomposition theorem},
    year   = {},
    note   = {Adapted from Warners book ``Foundations of differential manifolds and Lie groups''\\\url{http://www.math.uiuc.edu/~mjohns51/Presentations/Hodge_Theorem.pdf}},
}

@Article{Whittaker,
    author = {Whittaker, Michael F.},
    title  = {Fredholm modules and spectral triples in noncommutative geometry},
    year   = {2007},
    note   = {\\\url{http://michaelwhittaker.ca/STandFredholmNCG.pdf}},
}

@Article{TrenchRealAnalisys,
    author = {Trench, William F.},
    title  = {Introduction to real analysis},
    year   = {2010},
    note   = {\\\url{http://ramanujan.math.trinity.edu/wtrench/texts/TRENCH_REAL_ANALYSIS.PDF}},
}

@Article{Berndt,
    author = {Berndt, Jürgen},
    title  = {Lie group actions on manifolds},
    year   = {2002},
    note   = {\\\url{http://www.mth.kcl.ac.uk/~berndt/sophia.pdf}},
}

@Article{GianlucaB,
author = {Bontempi, Gianluca},
title  = {Un cours d'analyse numérique et de matlab},
year   = {2009},
note   = {\\\url{http://www.ulb.ac.be/di/map/gbonte/calcul/}},
}

@Article{Dragan,
    author = {Dragan Miličić},
    title  = {Lectures on Lie groups},
    year   = {2008-2009},
    note   = {\\\url{http://www.math.utah.edu/~milicic/Eprints/lie.pdf}},
}

@Article{VermaPiercey,
   author = {Piercey, Vicror},
   title  = {Verma modules},
   year   = {2006},
   note   = {\\\url{http://math.arizona.edu/~vpiercey/VermaModules.pdf}},
}

@Article{rncahn,
   author = {Cahn, Robert N},
   title  = {Semi-simple Lie algebras and their representations},
   year   = {1984},
   note   = {http://phyweb.lbl.gov/~rncahn/www/liealgebras/texall.pdf},
}

@Article{Ops_Hilb_space,
   author = {Garrett, Paul},
   title  = {Operators on Hilbert spaces},
   year   = {2005},
   note   = {\\\url{http://www.math.umn.edu/~garrett/m/fun/Notes/04a_ops_hsp.pdf}\\ It is part of a series of courses on Hilbert spaces, operators and related topics at basis level are to be downloaded at \\\url{http://www.math.umn.edu/~garrett/m/fun/}},
}


@Article{DirkEnvFiniteDimNilLieAlg,
   author = {Dierk, Philipp Fahr},
   title  = {Enveloping algebras of finite dimensional nilpotent Lie algebras},
   year   = {2003},
   note   = {\\\url{http://www.math.uni-bielefeld.de/~philfahr/enveloping/enveloping.html}, or 
        \\\url{http://www.math.uni-bielefeld.de/~philfahr/download/enveloping.pdf}},
}

@Article{SamelsonNotesLieAlg,
   author = {Samelson, Hans},
   title  = {Notes on {L}ie algebras},
   year   = {1989},
   note   = {\\\url{http://www.math.cornell.edu/~hatcher/Other/Samelson-LieAlg.pdf}},
}

@Article{SternLieAlgebra,
   author = {Sternberg, Shlomo},
   title  = {Lie algebras},
   year   = {2004},
   note   = {\\\url{http://www.math.harvard.edu/~shlomo/index.html}},
}

@Article{JonesVN,
   author = {Jones, Vaughan FR},
   title  = {von {N}eumann algebras},
   year   = {2006},
   note   = {\\\url{http://math.berkeley.edu/~reb/courses/209/VonNeumann2.pdf}},
}

@Article{WormerAngular,
   author = {Wormer, Paul ES},
   title  = {Angular momentum theory},
   note   = {\\\url{http://www.theochem.ru.nl/~pwormer/angmom.pdf}},
}

@Article{GpAlgLie_Faraut,
   author = {Faraut, Jacques},
   title  = {Groupes et algèbres de Lie},
   year   = {2001},
   note   = {\\\url{http://les-mathematiques.u-strasbg.fr/phorum/download.php/2,5426/Groupes de Lie.ps}\\ This postscript file is actually a mess while a transformation into pdf \emph{via} ps2pdf works well.},
}


@Article{QMVirtanen,
   author = {Virtanen, Sami},
   title  = {Quantum mechanics 3},
   note   = {\\\url{http://www.fyslab.hut.fi/kurssit/Tfy-44.135/}},
}

@Article{MQSenechal,
   author = {Sénéchal, David},
   title  = {Mécanique quantique},
   year   = {2000},
   note   = {\\\url{http://www.physique.usherbrooke.ca/senechal/doc/PHY731.pdf}},
}

@Article{TopoPaulin,
   author = {Paulin, Frédéric},
   title  = {Topologie algébrique élémentaire},
   year   = {2001-2002},
   note   = {\\\url{http://www.dma.ens.fr/edition/NotesCours/cours_ENS_topalg.pdf}},
}
@Article{Wassermann,
   author = {Wassermann, Antony},
   title  = {Operators on Hilbert space},
   year   = {1991},
   note   = {\\\url{http://www.dpmms.cam.ac.uk/~ajw/}},
}

@Article{VB_and_K,
   author = {Hatcher, Allen},
   title  = {Vector bundles and {K}-theory},
   year   = {2003},
   note   = {\\\url{http://www.math.cornell.edu/~hatcher/VBKT/VBpage.html}},
}

@Article{BarrCateg,
   author = {Barr, Michael and Wells, Charles},
   title  = {Toposes, Triples and Theories},
   year   = {2002},
   note   = {\\\url{http://www.case.edu/artsci/math/wells/pub/ttt.html}.},
}

@article{ResEtaDiracType,
    AUTHOR = {Branson, Thomas P. and Gilkey, Peter B.},
     TITLE = {Residues of the eta function for an operator of {D}irac type},
   JOURNAL = {J. Funct. Anal.},
  FJOURNAL = {Journal of Functional Analysis},
    VOLUME = {108},
      YEAR = {1992},
    NUMBER = {1},
     PAGES = {47--87},
      ISSN = {0022-1236},
     CODEN = {JFUAAW},
   MRCLASS = {58G25 (58G11 58G26)},
  MRNUMBER = {MR1174158 (93f:58234)},
MRREVIEWER = {Friedbert Pr{\"u}fer},
NOTE =  {\\\url{http://www.math.uiowa.edu/ftp/branson/paper24.ps}}
}


@article{ResEtaDiracTypeBoundary,
    AUTHOR = {Branson, Thomas P. and Gilkey, Peter B.},
     TITLE = {Residues of the eta function for an operator of {D}irac type
              with local boundary conditions},
   JOURNAL = {Differential Geom. Appl.},
  FJOURNAL = {Differential Geometry and its Applications},
    VOLUME = {2},
      YEAR = {1992},
    NUMBER = {3},
     PAGES = {249--267},
      ISSN = {0926-2245},
     CODEN = {DGAPEO},
   MRCLASS = {58G25 (58G18 58G20)},
  MRNUMBER = {MR1245326 (94m:58221)},
NOTE = {\\\url{http://www.math.uiowa.edu/ftp/branson/paper27.ps}}
}
  
@Article{mellor,
     author    = {Mellor, Blake},
     title     = {{$\Spin^{\eC}$-manifolds}},
     note   = {\\\url{http://math.berkeley.edu/~alanw/ps/mellor.ps}}
}

@Article{BenyAshHamil,
     author    = {Bény, Cédric},
     title     = {The {A}shtekar {H}amiltonian for general relativity},
     year      = {2005},
     note   = {\\\url{http://ampc013.uwaterloo.ca/~cbeny/ashtekar.pdf}}
}
@Book{ConnesMotives,
    title = "Noncommutative {G}eometry, {Q}uantum {F}ields and {M}otives",
    author = "Connes, Alain and Marcolli, Matilde",
    year = "",
    note = "\\\url{http://www.alainconnes.org/downloads.html}"
}

@Book{ConnesNCG,
    title = "Noncommutative geometry",
    author = "Connes, Alain",
    year = "1994",
    note = "The online version of the Connes's famous book on noncommutative geometry
        \\\url{http://www.alainconnes.org/downloads.html}"
}
@Book{Koufany,
author = {K. Koufany},
title = {Réalisation des esapces symétriques de type Caley},
year = {1994},
note = {\\url{http://www.iecn.u-nancy.fr/~koufany/Articles/CayleySpaces.pdf}},
}

@Book{ModavePoincarre,
author = {Bekaert, Xavier and Boulanger, Nicolas},
title = {The unitary representations of the Poincaré group in any spacetime dimension},
year = {2006},
note = {Lecture notes for the second edition of the Modave summer school\\
\url{http://www.ulb.ac.be/sciences/ptm/pmif/Rencontres/ModaveII/Modave2006.pdf}},
}

@Book{AlexModaveII,
author = {A. Collinucci and A. Wijns},
title = {Topology of fiber bundles and instantons},
year = {2006},
note = {Lecture notes for the second edition of the Modave summer school\\
\url{http://www.ulb.ac.be/sciences/ptm/pmif/Rencontres/ModaveII/Modave2006.pdf}},
}

@Article{SSLA_Modave2005,
   author = {Boulanger, Nicolas and de Buyl, Sophie and Dolan, Francis},
   title  = {Semi-simple {L}ie algebras and representations},
   year   = {2005},
   note   = {\\\url{http://www.ulb.ac.be/sciences/ptm/pmif/Rencontres/ModaveI/Modave2005.pdf}},
}
@Book{Witkowski,
author = {V{\'a}rilly, Joseph C. and Witkowski, Pawel},
title = {Dirac Operators and Spectral Geometry},
year = {2006},
note = {\\\url{http://toknotes.mimuw.edu.pl/sem3/files/Varilly_dosg.pdf}},
}

@Book{LaHarpe,
author = {Pierre de la Harpe and Vaughan Jones},
title = {An introduction to $C^*$-algebra},
year = {1995},
note = {\\\url{http://www.unige.ch/math/biblio/preprint/cstar/liste.html}},
}

@Book{dgbook,
author = {P.W. Michor},
title = {Topics in differential geometry},
year = {2003},
note = {These notes are from a lecture course
Differentialgeometrie und Lie Gruppen. \\\url{http://www.mat.univie.ac.at/~michor/dgbook.pdf}},
}

@Book{SchomblondQEDQCD,
author = {Christiane Schomblond},
title = {Théorie quantique des champs, QED, QCD},
note = {Notes de cours, en français.
    \\\url{http://homepages.ulb.ac.be/~cschomb/intfonc+QED+QCD.pdf}},
}



@Book{Schomblond_Hamcontra,
author = {C. Schomblond},
title = {Théorie hamiltonienne à contraintes},
note = {Notes de cours, en français.
    \\\url{http://homepages.ulb.ac.be/~cschomb/notes.html}},
}

@Book{Schomblond_em,
author = {C. Schomblond},
title = {Électrodynamique classique},
publisher = {},
year = {2003--2004},
note = {Notes du cours d'électromagnétisme de deuxième année en physique à l'université libre de Bruxelles.
    \\\url{http://homepages.ulb.ac.be/~cschomb/notes.html}},
}

@Manual{amsmath,
title = {\AmS-\LaTeX\ {V}ersion 1.2 {U}ser's guide},
organization = {{A}merican {M}athematical {S}ociety},
month = {November},
year = {1996},
note = {Just search for ``amsldoc'' on the internet. It contains a lot of useful examples and can be find as tex or pdf},
}

@Book{ms_book,
author = {J.E. Marsden},
note = {A book about symplectic geometry and mechanics divided into several \textit{pdf} that I found on the personal website
        \\\url{http://www.cds.caltech.edu/~marsden}.\\ I noticed unfortunately that the link does non more exists.},
}

@Article{hilbert_url,
author = {Fleckinger Robert},
title = {Analyse hilbertienne},
year = {2003},
note = {Online lecture notes about general Hilbert spaces theory. In French. The URL is
    \\\url{http://www.lpt.irsamc.ups-tlse.fr/~robert/licadmin/ul1b/www/1er.03-04/h/h.html} },
}

%%%%%%%%%%%%%%%%%%%%%%%%%%
%
% WIKIPEDIA
% TTW
%
%%%%%%%%%%%%%%%%%%%%%%%%

 @misc{IEDooSJNUQD,
   author = "Wikipédia",
   title = "Vénus (planète) --- Wikipédia{,} l'encyclopédie libre",
   year = "2014",
   url = "http://fr.wikipedia.org/w/index.php?title=V%C3%A9nus_(plan%C3%A8te)&oldid=106513457",
   note = "[En ligne; Page disponible le 7-septembre-2014]"
 }

 @misc{RUAoonJAym,
   author = "Wikipédia",
   title = "Forme quadratique --- Wikipédia{,} l'encyclopédie libre",
   year = "2014",
   url = "http://fr.wikipedia.org/w/index.php?title=Forme_quadratique&oldid=103591878",
   note = "[En ligne; Page disponible le 7-mai-2014]"
 }

@misc{NXxxAgN,
   author = "Wikipédia",
   title = "Théorème de Glivenko-Cantelli --- Wikipédia{,} l'encyclopédie libre",
   url = "http://fr.wikipedia.org/w/index.php?title=Th%C3%A9or%C3%A8me_de_Glivenko-Cantelli&oldid=90841113",
   note = "[En ligne; Page disponible le 15-juin-2013]"
 }

 @misc{JPzkRmm,
   author = "Wikipedia",
   title = "Continuous mapping theorem --- Wikipedia{,} The Free Encyclopedia",
   year = "2013",
   url = "http://en.wikipedia.org/w/index.php?title=Continuous_mapping_theorem&oldid=545523937",
   note = "[Online; accessed 15-June-2013]"
 }

 @misc{HDJTbua,
   author = "Wikipédia",
   title = "Théorème de Jordan --- Wikipédia{,} l'encyclopédie libre",
   year = "2013",
   url = "http://fr.wikipedia.org/w/index.php?title=Th%C3%A9or%C3%A8me_de_Jordan&oldid=92525205",
   note = "[En ligne; Page disponible le 25-mai-2013]"
 }

 @misc{QQuRUzA,
   author = "Wikipédia",
   title = "Résultant --- Wikipédia{,} l'encyclopédie libre",
   year = "2013",
   url = "http://fr.wikipedia.org/w/index.php?title=R%C3%A9sultant&oldid=90109864",
   note = "[En ligne; Page disponible le 24-mai-2013]"
 }

@misc{MEHuVnb,
   author = "Wikipédia",
   title = "Formule de Stirling --- Wikipédia{,} l'encyclopédie libre",
   year = "2013",
   url = "http://fr.wikipedia.org/w/index.php?title=Formule_de_Stirling&oldid=93224272",
   note = "[En ligne; Page disponible le 20-mai-2013]"
 }

 @misc{SGpYnKH,
   author = "Wikipédia",
   title = "Inégalité de Markov --- Wikipédia{,} l'encyclopédie libre",
   year = "2014",
   url = "http://fr.wikipedia.org/w/index.php?title=In%C3%A9galit%C3%A9_de_Markov&oldid=100208179",
   note = "[En ligne; Page disponible le 11-février-2014]"
 }


 @misc{LBLADXV,
   author = "Wikipédia",
   title = "Théorème d'{A}scoli --- Wikipédia{,} l'encyclopédie libre",
   year = "2013",
   url = "http://fr.wikipedia.org/w/index.php?title=Th%C3%A9or%C3%A8me_d%27Ascoli&oldid=92958118",
   note = "[En ligne; Page disponible le 11-mai-2013]"
 }

 @misc{LRBWftc,
   author = "Wikipédia",
   title = "Espace {L}p --- Wikipédia{,} l'encyclopédie libre",
   year = "2013",
   url = "http://fr.wikipedia.org/w/index.php?title=Espace_Lp&oldid=92618226",
   note = "[En ligne; Page disponible le 10-mai-2013]"
 }

 @misc{JDULLqS,
   author = "Wikipédia",
   title = "Théorème de projection sur un convexe fermé --- Wikipédia{,} l'encyclopédie libre",
   year = "2013",
   url = "http://fr.wikipedia.org/w/index.php?title=Th%C3%A9or%C3%A8me_de_projection_sur_un_convexe_ferm%C3%A9&oldid=90246160",
   note = "[En ligne; Page disponible le 3-mai-2013]"
 }

 @misc{UQSGIUo,
   author = "Wikipédia",
   title = "Théorème de {R}iesz-{F}ischer --- Wikipédia{,} l'encyclopédie libre",
   year = "2013",
   url = "http://fr.wikipedia.org/w/index.php?title=Th%C3%A9or%C3%A8me_de_Riesz-Fischer&oldid=90074115",
   note = "[En ligne; Page disponible le 3-mai-2013]"
 }

@misc{ROZaSWZ,
   author = "Wikipédia",
   title = "Extension de corps --- Wikipédia{,} l'encyclopédie libre",
   year = "2013",
   url = "http://fr.wikipedia.org/w/index.php?title=Extension_de_corps&oldid=89826304",
   note = "[En ligne; Page disponible le 1-mai-2013]"
 }

@misc{ERWMpWo,
   author = "Wikipédia",
   title = "Corps fini --- Wikipédia{,} l'encyclopédie libre",
   year = "2013",
   url = "http://fr.wikipedia.org/w/index.php?title=Corps_fini&oldid=92489466",
   note = "[En ligne; Page disponible le 1-mai-2013]"
 }

@misc{DOVXZwP,
   author = "Wikipédia",
   title = "Espace complet --- {W}ikipédia{,} l'encyclopédie libre",
   year = "2013",
   url = "http://fr.wikipedia.org/w/index.php?title=Espace_complet&oldid=91125353",
   note = "[En ligne; Page disponible le 1-avril-2013]"
 }

@misc{OIywOjl,
author = "Wikipédia",
   title = "Théorème des fermés emboités --- {W}ikipédia{,} l'encyclopédie libre",
   year = "2012",
   url = "http://fr.wikipedia.org/w/index.php?title=Th%C3%A9or%C3%A8me_des_ferm%C3%A9s_emboit%C3%A9s&oldid=85987870",
   note = "[En ligne; Page disponible le 1-avril-2013]"
}

@misc{AABkVai,
   author = "Wikipédia",
   title = "Décomposition polaire --- Wikipédia{,} l'encyclopédie libre",
   year = "avril 2013",
   url = "http://fr.wikipedia.org/w/index.php?title=D%C3%A9composition_polaire&oldid=90240040",
   note = "[En ligne; Page disponible le 24-avril-2013]"
 }

@misc{POkXeBE,
   author = "Wikipédia",
   title = "Fonction de Möbius --- Wikipédia{,} l'encyclopédie libre",
   year = "mai 2013",
   url = "http://fr.wikipedia.org/w/index.php?title=Fonction_de_M%C3%B6bius&oldid=91236321",
   note = "[En ligne; Page disponible le 1-mai-2013]"
 }

@misc{IMQidDv,
   author = "Wikipédia",
   title = "Nombre normal --- Wikipédia{,} l'encyclopédie libre",
   year = "avril 2013",
   url = "http://fr.wikipedia.org/w/index.php?title=Nombre_normal&oldid=89848922",
   note = "[En ligne; Page disponible le 28-avril-2013]"
 }


%%%%%%%%%%%%%%%%%%%%%%%%%%
%
% ARTICLES
% TTA    (arxiv est après)
%
%%%%%%%%%%%%%%%%%%%%%%%%

@article{PuszWoronowicz,
    AUTHOR = {Pusz, W. and Woronowicz, S. L.},
     TITLE = {Twisted second quantization},
   JOURNAL = {Rep. Math. Phys.},
  FJOURNAL = {Reports on Mathematical Physics},
    VOLUME = {27},
      YEAR = {1989},
    NUMBER = {2},
     PAGES = {231--257},
      ISSN = {0034-4877},
     CODEN = {RMHPBE},
   MRCLASS = {81R50 (17B37 58B30 81S05)},
  MRNUMBER = {1067498 (93c:81082)},
MRREVIEWER = {W. S{\l}owikowski},
       DOI = {10.1016/0034-4877(89)90006-2},
       URL = {http://dx.doi.org/10.1016/0034-4877(89)90006-2},
}


@article{Bragiel,
    AUTHOR = {Brągiel, Kazimierz},
     TITLE = {The twisted {${\rm SU}(3)$} group. {I}rreducible
              {${}*$}-representations of the {$C^*$}-algebra {$C({\rm
              S}_\mu{\rm U}(3))$}},
   JOURNAL = {Lett. Math. Phys.},
  FJOURNAL = {Letters in Mathematical Physics. A Journal for the Rapid
              Dissemination of Short Contributions in the Field of
              Mathematical Physics},
    VOLUME = {17},
      YEAR = {1989},
    NUMBER = {1},
     PAGES = {37--44},
      ISSN = {0377-9017},
     CODEN = {LMPHDY},
   MRCLASS = {22D25 (22D10 22E65 46L60 58B25)},
  MRNUMBER = {990581 (90c:22020)},
MRREVIEWER = {Vaughan Jones},
       DOI = {10.1007/BF00420012},
       URL = {http://dx.doi.org/10.1007/BF00420012},
}


@article{SoilSchubert,
    AUTHOR = {Levendorski{\u\i}, Serge and Soibelman, Yan},
     TITLE = {Algebras of functions on compact quantum groups, {S}chubert
              cells and quantum tori},
   JOURNAL = {Comm. Math. Phys.},
  FJOURNAL = {Communications in Mathematical Physics},
    VOLUME = {139},
      YEAR = {1991},
    NUMBER = {1},
     PAGES = {141--170},
      ISSN = {0010-3616},
     CODEN = {CMPHAY},
   MRCLASS = {58B30 (16W30 17B37 46L89 57P99)},
  MRNUMBER = {1116413 (92h:58020)},
MRREVIEWER = {Palle E. T. Jorgensen},
       URL = {http://projecteuclid.org/getRecord?id=euclid.cmp/1104203139},
}


@article{CahenLorentz,
    AUTHOR = {Cahen, M. and Leroy, J. and Parker, M. and Tricerri, F. and
              Vanhecke, L.},
     TITLE = {Lorentz manifolds modelled on a {L}orentz symmetric space},
   JOURNAL = {J. Geom. Phys.},
  FJOURNAL = {Journal of Geometry and Physics},
    VOLUME = {7},
      YEAR = {1990},
    NUMBER = {4},
     PAGES = {571--581 (1991)},
      ISSN = {0393-0440},
   MRCLASS = {53C50},
  MRNUMBER = {MR1131913 (92j:53030)},
MRREVIEWER = {Paul E. Ehrlich},
}

@incollection{metamorphose,
    AUTHOR = {Dito, Giuseppe and Sternheimer, Daniel},
     TITLE = {Deformation quantization: genesis, developments and metamorphoses},
 BOOKTITLE = {Deformation quantization (Strasbourg, 2001)},
    SERIES = {IRMA Lect. Math. Theor. Phys.},
    VOLUME = {1},
     PAGES = {9--54},
 PUBLISHER = {de Gruyter},
   ADDRESS = {Berlin},
      YEAR = {2002},
   MRCLASS = {53D55 (81S10)},
  MRNUMBER = {MR1914780 (2003e:53128)},
MRREVIEWER = {Stefan Waldmann},
   note   = {\arxiv{math/0201168}},
}
      
@Article{FlatoDeforView,
    AUTHOR = {Flato, Mosh{\'e}},
     TITLE = {Deformation view of physical theories},
   JOURNAL = {Czechoslovak J. Phys.},
    VOLUME = {B32},
      YEAR = {1982},
     PAGES = {472--475},
}

@Article{BielSymSL,
   author = {Pierre Bieliavsky},
   title  = {Deformation quantization for actions of the affine group},
   year   = {2007},
   note   = {Preliminary version.\arxiv[math.QA]{0709.1110}},
}

@Article{SingPhys,
    AUTHOR = {Flato, Mosh{\'e} and Fr{\o}nsdal, Christian and Sternheimer, Daniel},
     TITLE = {Singletons, physics in {A}d{S} universe and oscillations of composite neutrinos},
      NOTE = {Mosh\'e Flato (1937--1998)\arxiv{hep-th/9901043}},
   JOURNAL = {Lett. Math. Phys.},
  FJOURNAL = {Letters in Mathematical Physics. A Journal for the Rapid
              Dissemination of Short Contributions in the Field of
              Mathematical Physics},
    VOLUME = {48},
      YEAR = {1999},
    NUMBER = {1},
     PAGES = {109--119},
      ISSN = {0377-9017},
     CODEN = {LMPHDY},
   MRCLASS = {81T20 (81R05 81T70)},
  MRNUMBER = {MR1718048 (2000k:81225)},
   note   = {},
}

@article{TrsStProd,
    AUTHOR = {Bieliavsky, P. and Gutt, S. and Bordemann, M. and Waldmann, S.},
     TITLE = {Traces for star products on the dual of a {L}ie algebra},
   JOURNAL = {Rev. Math. Phys.},
  FJOURNAL = {Reviews in Mathematical Physics. A Journal for Both Review and
              Original Research Papers in the Field of Mathematical Physics},
    VOLUME = {15},
      YEAR = {2003},
    NUMBER = {5},
     PAGES = {425--445},
      ISSN = {0129-055X},
   MRCLASS = {53D15 (17B99 53D17)},
  MRNUMBER = {MR1993787 (2004e:53119)},
MRREVIEWER = {Alexander Dvorsky},
 note = {\arxiv{math.QA/0202126}}
}

@article{BiMae,
    AUTHOR = {Bieliavsky, Pierre and aMaeda, Yoshiaki},
     TITLE = {Convergent star product algebras on ``{$ax+b$}''},
   JOURNAL = {Lett. Math. Phys.},
  FJOURNAL = {Letters in Mathematical Physics. A Journal for the Rapid Dissemination of Short Contributions in the Field of Mathematical Physics},
    VOLUME = {62},
      YEAR = {2002},
    NUMBER = {3},
     PAGES = {233--243},
      ISSN = {0377-9017},
     CODEN = {LMPHDY},
   MRCLASS = {53D55 (43A80 81S10)},
  MRNUMBER = {MR1958116 (2004d:53107)},
MRREVIEWER = {Nikolai A. Neumaier},
 note = {\arxiv{math/0209295v1}  }
}

@incollection{HilgertOlaf,
    AUTHOR = {Faraut, J. and {\'O}lafsson, G.},
     TITLE = {Causal semisimple symmetric spaces, the geometry and harmonic
              analysis},
 BOOKTITLE = {Semigroups in algebra, geometry and analysis (Oberwolfach,
              1993)},
    SERIES = {de Gruyter Exp. Math.},
    VOLUME = {20},
     PAGES = {3--32},
 PUBLISHER = {de Gruyter},
   ADDRESS = {Berlin},
      YEAR = {1995},
   MRCLASS = {43A90 (22E46 53C35)},
  MRNUMBER = {MR1350327 (96m:43012)},
MRREVIEWER = {Karl-Hermann Neeb},
note = {\\\url{http://www.math.lsu.edu/~olafsson/pdf_files/hobook.pdf}}
}   

@article{AdSBH,
    AUTHOR = {M.~Banados, and A.~Gomberoff, and C.~Martinez},
     TITLE = {Anti-de {S}itter space and black holes},
   JOURNAL = {Class. Quant. Grav},
    VOLUME = {15},
      YEAR = {1998},
     PAGES = {3575--3598},
   NOTE  = {\arxiv{hep-th/9805087v1}}
}

@article{Madden,
    AUTHOR = {Madden, O. and Ross, S. F.},
     TITLE = {Quotients of anti-de {S}itter space},
   JOURNAL = {Phys. Rev. D (3)},
  FJOURNAL = {Physical Review. D. Third Series},
    VOLUME = {70},
      YEAR = {2004},
    NUMBER = {2},
     PAGES = {026002, 8},
      ISSN = {0556-2821},
     CODEN = {PRVDAQ},
   MRCLASS = {83E15},
  MRNUMBER = {MR2103285 (2005h:83202)},
MRREVIEWER = {Sigbj{\o}rn Hervik},
NOTE = {\arxiv{hep-th/0401205}}
}

@article{BanadosIQxXuEh,
    AUTHOR = {M. Ba{\~n}ados},
     TITLE = {Constant curvature black holes},
   JOURNAL = {Phys. Rev. D (3)},
  FJOURNAL = {Physical Review. D. Third Series},
    VOLUME = {57},
      YEAR = {1998},
    NUMBER = {2},
     PAGES = {1068--1072},
      ISSN = {0556-2821},
     CODEN = {PRVDAQ},
   MRCLASS = {83C57},
  MRNUMBER = {MR1607661 (98m:83040)},
MRREVIEWER = {Viqar Husain},
NOTE = {\arxiv{gr-qc/9703040} }
}

@article{HolstPeldan,
    AUTHOR = {Holst, S. and Peld{\'a}n, P.},
     TITLE = {Black holes and causal structure in anti-de {S}itter isometric
              spacetimes},
   JOURNAL = {Classical Quantum Gravity},
  FJOURNAL = {Classical and Quantum Gravity},
    VOLUME = {14},
      YEAR = {1997},
    NUMBER = {12},
     PAGES = {3433--3452},
      ISSN = {0264-9381},
     CODEN = {CQGRDG},
   MRCLASS = {83C57 (83C55)},
  MRNUMBER = {MR1492284 (99a:83047)},
MRREVIEWER = {Valter Moretti},
NOTE = {\arxiv{gr-qc/9705067}}
}

@article{BDRS,
    AUTHOR = {Bieliavsky, P. and Detournay, S. and Spindel,P. and Rooman, M.},
     TITLE = {Star products on extended massive non-rotating {BTZ} black holes},
   JOURNAL = {J. High Energy Phys.},
  FJOURNAL = {Journal of High Energy Physics. A SISSA Journal},
      YEAR = {2004},
    NUMBER = {6},
     PAGES = {031, 25 pp. (electronic)},
      ISSN = {1126-6708},
   MRCLASS = {83C65 (81R60 81S10 83C57 83E30)},
  MRNUMBER = {MR2084424 (2006-2007:83127)},
  NOTE  = {\arxiv{hep-th/0403257}}
}

@article{Aminneborg,
    AUTHOR = {{\AA}minneborg, S. and Bengtsson, I. and Holst, S. and Peld{\'a}n, P.},
     TITLE = {Making anti-de {S}itter black holes},
   JOURNAL = {Classical Quantum Gravity},
  FJOURNAL = {Classical and Quantum Gravity},
    VOLUME = {13},
      YEAR = {1996},
    NUMBER = {10},
     PAGES = {2707--2714},
      ISSN = {0264-9381},
     CODEN = {CQGRDG},
   MRCLASS = {83C57},
  MRNUMBER = {MR1413147 (97m:83048)},
MRREVIEWER = {J{\"u}rgen Tolksdorf},
NOTE = {\arxiv{gr-qc/9604005}}
}

@incollection{lcBBM,
    AUTHOR = {Pierre Bieliavsky and Philippe Bonneau and  Yoshiaki Maeda},
     TITLE = {Universal deformation formulae for three-dimensional solvable
              {L}ie groups},
 BOOKTITLE = {Quantum field theory and noncommutative geometry},
    SERIES = {Lecture Notes in Phys.},
    VOLUME = {662},
     PAGES = {127--141},
 PUBLISHER = {Springer},
   ADDRESS = {Berlin},
      YEAR = {2005},
   MRCLASS = {53D55 (22E25)},
  MRNUMBER = {MR2179180 (2006k:53163)},
MRREVIEWER = {Michael Wohlgenannt},
NOTE    = {\arxiv{math.QA/0308189}}
}
@article{Garcia_Bondia,
    AUTHOR = {Gracia-Bond{\'{\i}}a, J. M. and V{\'a}rilly, J. C.},
     TITLE = {Algebras of distributions suitable for phase-space quantum
              mechanics. {I}},
   JOURNAL = {J. Math. Phys.},
  FJOURNAL = {Journal of Mathematical Physics},
    VOLUME = {29},
      YEAR = {1988},
    NUMBER = {4},
     PAGES = {869--879},
      ISSN = {0022-2488},
     CODEN = {JMAPAQ},
   MRCLASS = {81C25 (22E65 46F05 58F06)},
  MRNUMBER = {MR940351 (90a:81038)},
MRREVIEWER = {Martine J. Perrin},
}

@article{Rieffel,
    AUTHOR = {Rieffel, M. A.},
     TITLE = {Deformation quantization for actions of {${\eR}\sp d$}},
   JOURNAL = {Mem. Amer. Math. Soc.},
  FJOURNAL = {Memoirs of the American Mathematical Society},
    VOLUME = {106},
      YEAR = {1993},
    NUMBER = {506},
     PAGES = {x+93},
      ISSN = {0065-9266},
     CODEN = {MAMCAU},
   MRCLASS = {46L87 (58B30 81R50 81S10)},
  MRNUMBER = {MR1184061 (94d:46072)},
MRREVIEWER = {Arne Schirrmacher},
}

@Article{Bronn,
author = {Nick Br\"onn},
title = {Dirac operators},
journal = {},
year = {2003},
month = {May},
note = {A good explanation of the links between Clifford algebra and the problem of ``square root'' for the Laplace operator. It is done for the Euclidean metric and in Riemannian spaces. I found it on the internet but I don't remember where.},
}

@Article{Lie_groups,
author = {E.P. van den Ban},
title = {Lie groups},
year = {2003},
note = {\\\url{http://www.math.uu.nl/people/ban/lecnot.html}},
}

@Article{newfromold,
author = {},
title = {New groups from old},
note = {\\\url{http://www.oup.co.uk/pdf/0-19-853548-1.pdf}},
}

@Article{Wisser,
author = {F. Wisser},
title = {Classification of complex and real semi-simple {L}ie algebras},
year = {2001},
note = {Some good material. Among other, root space decomposition and Cartan subalgebras.
    \\\url{http://www.mat.univie.ac.at/~cap/files/wisser.pdf}},
}

@Article{thomaslassen,
author = {Klaus Thomsen},
title = {No precise title},
note = {Among other, the proof of the Banach space structure on a quotient of a Banach algebra by an ideal.
    \\\url{www.imf.au.dk/kurser/analyse2/E04/thomaslassen.pdf}},
}

@Article{Biel-Massar-2,
   author = {P. Bieliavsky, and M. Massar},
   title  = {Strict deformation quantization for actions of a class of symplectic {L}ie groups},
   JOURNAL = {Progr. Theoret. Phys. Suppl.},
   FJOURNAL  = {Progress of Theoretical Physics. Supplement},
   NUMBER = {144},
   YEAR = {2001},
   PAGES = {1--21},
   ISSN = {0375-9687},
   MRCLASS = {53D55 (81S10)},
   MRNUMBER = {MR2023842},
   note   = {Noncommutative geometry and string theory (Yokohama, 2001) \arxiv{math/0011144}},
}

@article{StrictSolvableSym,
    AUTHOR = {Bieliavsky, P. },
     TITLE = {Strict quantization of solvable symmetric spaces},
   JOURNAL = {J. Symplectic Geom.},
  FJOURNAL = {The Journal of Symplectic Geometry},
    VOLUME = {1},
      YEAR = {2002},
    NUMBER = {2},
     PAGES = {269--320},
      ISSN = {1527-5256},
   MRCLASS = {53D55 (81S10)},
  MRNUMBER = {MR1959584 (2004c:53150)},
MRREVIEWER = {Nikolai A. Neumaier},
   NOTE = {\arxiv{math.QA/0010004}}
}

@Article{Biel-Massar,
  AUTHOR = {Bieliavsky, P. and Massar, M.},
  TITLE = {Oscillatory integral formulae for left-invariant star products
       on a class of {L}ie groups},
 JOURNAL = {Lett. Math. Phys.},
 FJOURNAL = {Letters in Mathematical Physics. A Journal for the Rapid
       Dissemination of Short Contributions in the Field of
       Mathematical Physics},
  VOLUME = {58},
   YEAR = {2001},
  NUMBER = {2},
  PAGES = {115--128},
   ISSN = {0377-9017},
  CODEN = {LMPHDY},
 MRCLASS = {53D55 (22E27 81S10)},
 MRNUMBER = {MR1876248 (2003g:53155)},
MRREVIEWER = {Benjamin Cahen},
}

@Article{SSSSS,
  AUTHOR = {Bieliavsky, P.},
  TITLE = {Semisimple symplectic symmetric spaces},
 JOURNAL = {Geom. Dedicata},
 FJOURNAL = {Geometriae Dedicata},
  VOLUME = {73},
   YEAR = {1998},
  NUMBER = {3},
  PAGES = {245--273},
   ISSN = {0046-5755},
  CODEN = {GEMDAT},
 MRCLASS = {53C35 (53D05)},
 MRNUMBER = {MR1665000 (2000b:53076)},
MRREVIEWER = {Andrew Swann},
}

@article{BTZ_un,
    AUTHOR = {Ba{\~n}ados, Máximo and Teitelboim, Claudio and Zanelli, Jorge},
     TITLE = {The lack hole in three-dimensional space-time},
   JOURNAL = {Phys. Rev. Lett.},
  FJOURNAL = {Physical Review Letters},
    VOLUME = {69},
      YEAR = {1992},
    NUMBER = {13},
     PAGES = {1849--1851},
      ISSN = {0031-9007},
     CODEN = {PRLTAO},
   MRCLASS = {83C57},
  MRNUMBER = {MR1181663 (93e:83042)},
   note =   {\arxiv{hep-th/9204099v3} }
}
@Article{BTZ_deux,
    AUTHOR = {Ba{\~n}ados, Máximo and Henneaux, Marc and Teitelboim, Claudio and Zanelli, Jorge},
     TITLE = {Geometry of the {$2+1$} black hole},
   JOURNAL = {Phys. Rev. D (3)},
  FJOURNAL = {Physical Review. D. Third Series},
    VOLUME = {48},
      YEAR = {1993},
    NUMBER = {4},
     PAGES = {1506--1525},
      ISSN = {0556-2821},
     CODEN = {PRVDAQ},
   MRCLASS = {83C57 (83C75)},
  MRNUMBER = {MR1236812 (94g:83079)},
MRREVIEWER = {Michael O. Katanaev},
note = {\arxiv{gr-qc/9302012v1}}
}

@Article{BTZB_un,
    AUTHOR = {Bieliavsky, Pierre and Rooman, Marianne and Spindel, Philippe},
     TITLE = {Regular {P}oisson structures on massive non-rotating {BTZ} black holes},
   JOURNAL = {Nuclear Phys. B},
  FJOURNAL = {Nuclear Physics. B},
    VOLUME = {645},
      YEAR = {2002},
    NUMBER = {1-2},
     PAGES = {349--364},
      ISSN = {0550-3213},
     CODEN = {NUPBBO},
   MRCLASS = {83C57 (83C80)},
  MRNUMBER = {MR1940099 (2003i:83037)},
MRREVIEWER = {Pankaj S. Joshi},
   NOTE = {\arxiv{hep-th/0206189}}
}

@incollection{Keio,
    AUTHOR = {Bieliavsky, Pierre and Detournay, Stephane and Spindel, Philippe and Rooman, Marianne},
     TITLE = {Noncommutative locally anti-de {S}itter black holes},
 BOOKTITLE = {Noncommutative geometry and physics},
     PAGES = {17--33},
 PUBLISHER = {World Sci. Publ., Hackensack, NJ},
      YEAR = {2005},
   MRCLASS = {83C65 (83C57)},
  MRNUMBER = {MR2186379},
  NOTE = {\arxiv{math.QA/0507157}   }
}

@article{Figueroa,
    AUTHOR = {J. Figueroa-O'Farrill, and O. Madden, and S.F. Ross and J. Sim{\'o}n},
     TITLE = {Quotients of {${\rm AdS}\sb {p+1}\times S\sp q$}: causally
              well-behaved spaces and black holes},
   JOURNAL = {Phys. Rev. D (3)},
  FJOURNAL = {Physical Review. D. Third Series},
    VOLUME = {69},
      YEAR = {2004},
    NUMBER = {12},
     PAGES = {124026, 29},
      ISSN = {0556-2821},
     CODEN = {PRVDAQ},
   MRCLASS = {83E30 (83C57)},
  MRNUMBER = {MR2096178 (2005e:83091)},
MRREVIEWER = {Manoel F. Borges},
Note = {\arxiv{hep-th/0402094} }
}

%%%%%%%%%%%%%%%%%%%%%%%%%%
%
%   ARTICLES D'ARXIV
%   TTX
%%%%%%%%%%%%%%%%%%%%%%%%
% at_arxiv

@Article{CatePhysisist,
    author = {Coecke, Bob},
    title = {Introducing categories to the practicing physicist},
    year = {2008},
    note = {\arxiv{0808.1032v1}},
}

@Article{UweLevy,
    author = {Franz, Uwe},
    title = {The theory of quantum {L}évy processes},
    year = {2003},
    note = {\arxiv{math/0407488v1}},
}

@Article{DiracSUq,
    author = {Dąbrowski, Ludwik and Landi, Giovanni and Sitarz, Andrzej and van Suijlekom, Walter and Várilly, Joseph C.},
    title = {The {D}irac operator on ${\SU}_q(2)$},
    year = {2005},
    note = {\arxiv{math.QA/0411609v2}},
}

@Article{UndergradDeRham,
    author = {Ivancevic, Vladimir G. and Ivancevic, Tijana T.},
    title = {Undergraduate lecture notes in {D}e {R}ham-{H}odge theory},
    year = {2008},
    note = {\arxiv{0807.4991}},
}

@Article{MrTopos,
    author = {Isham, Chris J.},
    title = {Topos methods in the fundations of physics},
    year = {2010},
    note = {\arxiv{1004.3564v1}},
}

@Article{these_Detournay,
    author = {Detournay, Stephane},
    title = {Deformations of anti-de {S}itter black holes},
    year = {2006},
    note = {PhD thesis \arxiv{hep-th/0611031}},
}

@Article{GiaquintoZhangTwist,
    author = {Giaquinto, Anthony and Zhang, James J.},
    title = {Bialgebra actions, twists, and universal deformation formulas},
    year = {1994},
    note = {\arxiv{hep-th/9411140}},
}

@Article{TheseAxel,
    author = {Axel Marcillaud de Goursac},
    title = {Non commutative geometry, gauge theory and renormalization},
    year = {2009},
    note = {\arxiv[math-ph]{0910.5158}},
}

@Article{FieldSymSpaces,
   author = {Bieliavsky, Pierre and Gurau, Razvan and Rivasseau, Vincent},
   title  = {Non Commutative Field Theory on Rank One Symmetric Spaces},
   year   = {2008},
   note   = {\arxiv[hep.th]{0806.4255v1}},
}

@Article{Teschner,
   author = {Teschner, J.A.},
   title  = {Weak quasitriangular Quasi-Hopf algebra structure of minimal models},
   year   = {1996},
   note   = {\arxiv{hep.th/9512096}},
}

@Article{HowMassless,
   author = {Brinka, L. and Metsaevb, R.R. and Vasilievd, M.A.},
   title  = {How massless are massless fields in {$AdS_d$}},
   year   = {2000},
   note   = {\arxiv{hep.th/0005136}},
}

@Article{Ferrata,
   author = {Ferrara, S. and Fr{\o}nsdal, C.},
   title  = {Conformal fields in higher dimensions},
   year   = {2000},
   note   = {\arxiv{hep.th/0006009}},
}

@Article{UnifActionFormula,
   author = {Chamseddine, Ali H. and Connes, Alain},
   title  = {A Universal Action Formula},
   year   = {1996},
   note   = {\arxiv{hep.th/9606056}},
}

@Article{SpectralActPrinciple,
   author = {Chamseddine, Ali H. and Connes, Alain},
   title  = {The spectral action principle},
   year   = {1996},
   note   = {\arxiv{hep.th/9606001}},
}

@Article{WhyStandard,
   author = {Chamseddine, Ali H. and Connes, Alain},
   title  = {Why the standard model},
   year   = {2007},
   note   = {\arxiv{0706.3688}},
}

@Article{QGBoundaryTermsSpectralAction,
   author = {Chamseddine, Ali H. and Connes, Alain},
   title  = {Quantum gravity boundary terms from spectral action},
   year   = {2007},
   note   = {\arxiv[hep.th]{0705.1786}},
}

@Article{NCGreconstruction,
   author = {Rennie, Adam and Várilly, Joseph C.},
   title  = {Reconstruction of Manifolds in Noncommutative Geometry},
   year   = {2008},
   note   = {\arxiv[math.OA]{math/0610418v4}},
}

@Article{NCGreconstructionShort,
   author = {Alain Connes},
   title  = {On the spectral characterization of manifolds},
   year   = {2008},
   note   = {\arxiv[math.OA]{0810.2088}},
}

@Article{Dolan_son,
   author = {Dolan, F.A.},
   title  = {Character Formulae and Partition Functions in Higher Dimensional Conformal Field Theory},
   year   = {2006},
   note   = {\arxiv{hep.th/0508031v2}},
}

@Article{SingString,
   author = {Engquist, J. and Sundell, P. and Tamassia, L.},
   title  = {Singleton strings},
   year   = {2008},
   note   = {\arxiv{hep.th/0701081v1}},
}

@Article{SingletonCompposites,
   author = {Engquist, J. and Sundell, P. and Tamassia, L.},
   title  = {On singleton composites in non-compact {WZW} models},
   year   = {2007},
   note   = {\arxiv{hep.th/0701051}},
}


@Article{Heatmanual,
   author = {D.V. Vassilevich},
   title  = {Heat kernel expansion; user's manual},
   year   = {2003},
   note   = {\arxiv{hep.th/0306138}},
}

@Article{itoNCG_Varilly,
   author = {V\'arilly, Joseph C.},
   title  = {An introduction to noncommutative geometry},
   year   = {1997},
   note   = {\arxiv{physics/9709045}},
}


@Article{Ritter,
   author = {William Gordon Ritter},
   title  = {Introduction to quantum group theory},
   year   = {2002},
   note   = {\arxiv{math.QA/0201080}},
}

@Article{Tjin,
   author = {T. Tjin},
   title  = {An introduction to quantized Lie groups and algebras},
   year   = {1991},
   note   = {\arxiv{hep.th/9111043}},
}

@Article{itospinfoam,
   author = {J. Baez},
   title  = {An Introduction to Spin Foam Models of Quantum Gravity and BF Theory},
   year   = {1999},
   note   = {\arxiv{gr-qc/9905087v1}},
}

@Article{degesols,
   author = {J. Baez},
   title  = {Degenerate Solutions of General Relativity from Topological Field Theory},
   year   = {1997},
   note   = {\arxiv{gr-qc/9702051}},
}

@Article{bkindep,
   author = {A. Ashtekar and J. Lewandowski},
   title  = {Background Independent Quantum Gravity: A Status Report},
   year   = {2004},
   note   = {\arxiv{gr-qc/0404018}},
}


@Article{Preparation,
   author = {G.Svetlichny},
   title  = {Preparation for gauge theory},
   year   = {1999},
   note   = {Almost all you need ---and wish--- to know about differential geometry  in order to understand the gauge theories of the mathematical physics: Lie groups,
 fibre bundles, connections, gauge transformation, spin bundle and so on, 
 \arxiv{math-ph/9902027}},
}
   
@Article{Landsman,
     author = {N.P. Landsman},
     title  = {Lectures notes on ${C}^*$-algabras, {H}ilbert ${C}^*$-modules, and quantum mechanics},
     year   = {1998},
     note   = {\arxiv{math-ph/9807030v1}}
}

@Article{Landi,
   author = {G.Landi},
   title  = {An {I}ntroduction to {N}oncommutative {s}paces and their {G}eometry},
   year   = {1997},
   note = {\arxiv{hep.th/9701078}},
}

@Article{ThzPierre,
    author  = {P. Bieliavsky},
    title   = {Symplectic Symmetric Spaces},
    year    = {1995},
    note    = {\arxiv{math.DG/0703358} },
}

@Article{Kerin,
    AUTHOR = {Kerin, Martin and Wraith, David},
     TITLE = {Homogeneous metrics on spheres},
   JOURNAL = {Irish Math. Soc. Bull.},
  FJOURNAL = {Irish Mathematical Society Bulletin},
    NUMBER = {51},
      YEAR = {2003},
     PAGES = {59--71},
      ISSN = {0791-5578},
   MRCLASS = {53C30},
  MRNUMBER = {MR2018852},
  NOTE = {\\\url{http://www.maths.tcd.ie/pub/ims/bull51/M5102.pdf}},
}

@Article{BTZB_deux,
     author    = {Bieliavsky, Pierre and Detournay, Stephane and Herquet, Michel and Rooman, Marianne and Spindel, Philippe},
     title     = {Global geometry of the $2+1$ rotating black-hole},
     year      = {2003},
     note    ={\arxiv{hep.th/0306293v1}     } 
}

@Article{BTZ_WZW,
    author = {Bieliavsky, Pierre and Detournay, Stephane and Rooman, Marianne and Spindel, Philippe},
    title = {{BTZ} black holes, {WZW} models and noncommutative geometry},
    year = {2005},
    note = {\arxiv{hep-th/0511080}},
}

@Article{WeinGroupoids,
     author    = {Weinstein, Alan},
     title     = {Lagrangian mechanics and groupoids},
     year      = {1995},
     note   = {Appeared in Mechanics Day, Fields Institute Proc. v. 7, AMS, 1995.  To be downloaded on the Alan Weinstein's home page,
         \\\url{http://math.berkeley.edu/~alanw/} }
}

@Article{WeinGpoidsSymple,
     author    = {A. Coste, P. Dazord and A. Weinstein},
     title     = {Groupoïdes symplectiques (in french)},
     year      = {1987},
     note   = {Appeared in \emph{Publ. Dept. Math. Univ. Claude-Bernard Lyon I}, 1987.  To be downloaded on the Alan Weinstein's home page,
         \\\url{http://math.berkeley.edu/~alanw/} }
}


%%%%%%%%%%%%%%%%%%%%%%%%%%
%
%   FROM OTHER SOURCES
%%%%%%%%%%%%%%%%%%%%%%%%

% The bibliography here is from http://djalil.chafai.net/enseignement.html

@book {MR93m:00052a,
  TITLE =		 {Encyclop{\'e}die des sciences math{\'e}matiques pures et appliqu{\'e}es.
                  {T}ome {I}. {V}ol. 1},
  EDITOR =		 {Molk, Jules},
  NOTE =		 {Arithm{\'e}tique. [Arithmetic], Reprint of the French editions
                  of 1904, 1907, 1908 and 1909},
  PUBLISHER =	 {{\'E}ditions Jacques Gabay},
  ADDRESS =		 {Sceaux},
  YEAR =		 {1992},
  PAGES =		 {315},
  ISBN =		 {2-87647-100-0},
  MRCLASS =		 {00B60 (01A75)},
  MRNUMBER =	 {93m:00052a},
}

@book {MR93m:00052b,
  TITLE =		 {Encyclop{\'e}die des sciences math{\'e}matiques pures et appliqu{\'e}es.
                  {T}ome {I}. {V}ol. 3},
  EDITOR =		 {Molk, Jules},
  NOTE =		 {Th{\'e}orie des nombres. [Number theory], Reprint of the French
                  editions of 1906, 1908, 1910 and 1915},
  PUBLISHER =	 {{\'E}ditions Jacques Gabay},
  ADDRESS =		 {Sceaux},
  YEAR =		 {1991},
  PAGES =		 {247},
  ISBN =		 {2-87647-102-7},
  MRCLASS =		 {00B60 (01A75)},
  MRNUMBER =	 {93m:00052b},
}

@book {MR93m:00053a,
  TITLE =		 {Encyclop{\'e}die des sciences math{\'e}matiques pures et appliqu{\'e}es.
                  {T}ome {I}{I}. {V}ol. 1},
  EDITOR =		 {Molk, Jules},
  NOTE =		 {Fonctions de variables r{\'e}elles. [Functions of real
                  variables], Reprint of the French editions of 1909 and 1912},
  PUBLISHER =	 {{\'E}ditions Jacques Gabay},
  ADDRESS =		 {Sceaux},
  YEAR =		 {1991},
  PAGES =		 {175},
  ISBN =		 {2-87647-104-3},
  MRCLASS =		 {00B60 (01A75)},
  MRNUMBER =	 {93m:00053a},
}

@book {MR93m:00053b,
  TITLE =		 {Encyclop{\'e}die des sciences math{\'e}matiques pures et appliqu{\'e}es.
                  {T}ome {I}{I}. {V}ol. 2},
  EDITOR =		 {Molk, Jules},
  NOTE =		 {Fonctions de variables complexes. [Functions of complex
                  variables], Reprint of the French editions of 1911 and 1912},
  PUBLISHER =	 {{\'E}ditions Jacques Gabay},
  ADDRESS =		 {Sceaux},
  YEAR =		 {1992},
  PAGES =		 {71},
  ISBN =		 {2-87647-105-1},
  MRCLASS =		 {00B60 (01A75)},
  MRNUMBER =	 {93m:00053b},
}

@book {MR93m:00053c,
  TITLE =		 {Encyclop{\'e}die des sciences math{\'e}matiques pures et appliqu{\'e}es.
                  {T}ome {I}{I}. {V}ol. 4},
  EDITOR =		 {Molk, Jules},
  NOTE =		 {{\'E}quations aux d{\'e}riv{\'e}es partielles. [Partial differential
                  equations], Reprint of the French editions of 1913 and 1916},
  PUBLISHER =	 {{\'E}ditions Jacques Gabay},
  ADDRESS =		 {Sceaux},
  YEAR =		 {1991},
  PAGES =		 {127},
  ISBN =		 {2-87647-107-8},
  MRCLASS =		 {00B60 (01A75)},
  MRNUMBER =	 {93m:00053c},
}

@book {MR93m:00053d,
  TITLE =		 {Encyclop{\'e}die des sciences math{\'e}matiques pures et appliqu{\'e}es.
                  {T}ome {I}{I}. {V}ol. 6},
  EDITOR =		 {Molk, Jules},
  NOTE =		 {Calcul des variations. Compl{\'e}ments. [Calculus of variations.
                  Complements], Reprint of the French editions of 1913 and
                  1916},
  PUBLISHER =	 {{\'E}ditions Jacques Gabay},
  ADDRESS =		 {Sceaux},
  YEAR =		 {1992},
  PAGES =		 {151},
  ISBN =		 {2-87647-109-4},
  MRCLASS =		 {00B60 (01A75)},
  MRNUMBER =	 {93m:00053d},
}

@book {MR93m:00054a,
  TITLE =		 {Encyclop{\'e}die des sciences math{\'e}matiques pures et appliqu{\'e}es.
                  {T}ome {I}{I}{I}. {V}ol. 1},
  EDITOR =		 {Molk, Jules},
  NOTE =		 {Fondements de la g{\'e}om{\'e}trie. [Foundations of geometry],
                  Reprint of the French editions of 1911 and 1915},
  PUBLISHER =	 {{\'E}ditions Jacques Gabay},
  ADDRESS =		 {Sceaux},
  YEAR =		 {1991},
  PAGES =		 {240},
  ISBN =		 {2-87647-110-8},
  MRCLASS =		 {00B60 (01A75)},
  MRNUMBER =	 {93m:00054a},
}

@book {MR93m:00054b,
  TITLE =		 {Encyclop{\'e}die des sciences math{\'e}matiques pures et appliqu{\'e}es.
                  {T}ome {I}{I}{I}. {V}ol. 2},
  EDITOR =		 {Molk, Jules},
  EDITION =		 {French},
  NOTE =		 {G{\'e}om{\'e}trie descriptive. G{\'e}om{\'e}trie {\'e}l{\'e}mentaire. [Descriptive
                  geometry. Elementary geometry]},
  PUBLISHER =	 {{\'E}ditions Jacques Gabay},
  ADDRESS =		 {Sceaux},
  YEAR =		 {1992},
  PAGES =		 {87},
  ISBN =		 {2-87647-111-6},
  MRCLASS =		 {00B60 (01A75)},
  MRNUMBER =	 {93m:00054b},
}

@book {MR93m:00054c,
  TITLE =		 {Encyclop{\'e}die des sciences math{\'e}matiques pures et appliqu{\'e}es.
                  {T}ome {I}{I}{I}. {V}ol. 3},
  EDITOR =		 {Molk, Jules},
  NOTE =		 {G{\'e}om{\'e}trie alg{\'e}brique plane. [Plane algebraic geometry],
                  Reprint of the French editions of 1911 and 1915},
  PUBLISHER =	 {{\'E}ditions Jacques Gabay},
  ADDRESS =		 {Sceaux},
  YEAR =		 {1992},
  PAGES =		 {159},
  ISBN =		 {2-87647-112-4},
  MRCLASS =		 {00B60 (01A75)},
  MRNUMBER =	 {93m:00054c},
}

@book {MR93m:00055a,
  TITLE =		 {Encyclop{\'e}die des sciences math{\'e}matiques pures et appliqu{\'e}es.
                  {T}ome {I}{V}. {V}ol. 1},
  EDITOR =		 {Molk, Jules and Appell, Paul},
  EDITION =		 {French},
  NOTE =		 {M{\'e}canique. [Mechanics], G{\'e}n{\'e}ralit{\'e}s. Historique.
                  [Generalities. Historical account]},
  PUBLISHER =	 {{\'E}ditions Jacques Gabay},
  ADDRESS =		 {Sceaux},
  YEAR =		 {1991},
  PAGES =		 {153},
  ISBN =		 {2-87647-114-0},
  MRCLASS =		 {00B60 (01A75 70-03 73-03)},
  MRNUMBER =	 {93m:00055a},
}

@book {MR93m:00055b,
  TITLE =		 {Encyclop{\'e}die des sciences math{\'e}matiques pures et appliqu{\'e}es.
                  {T}ome {I}{V}. {V}ol. 2},
  EDITOR =		 {Molk, Jules and Appell, Paul},
  NOTE =		 {M{\'e}canique g{\'e}n{\'e}rale. [General mechanics], Reprint of the
                  French editions of 1912 and 1916},
  PUBLISHER =	 {{\'E}ditions Jacques Gabay},
  ADDRESS =		 {Sceaux},
  YEAR =		 {1991},
  PAGES =		 {159},
  ISBN =		 {2-87647-115-9},
  MRCLASS =		 {00B60 (01A75 70-03 73-03)},
  MRNUMBER =	 {93m:00055b},
}




@book {MR93m:00056,
  TITLE =		 {Encyclop{\'e}die des sciences math{\'e}matiques pures et appliqu{\'e}es.
                  {T}ome {V}},
  EDITOR =		 {Molk, Jules and Langevin, P. and Perrin, J.},
  NOTE =		 {Physique. [Physics], Reprint of the French editions of 1915
                  and 1916},
  PUBLISHER =	 {{\'E}ditions Jacques Gabay},
  ADDRESS =		 {Sceaux},
  YEAR =		 {1991},
  PAGES =		 {191},
  ISBN =		 {2-87647-118-3},
  MRCLASS =		 {00B60 (00A79 01A75)},
  MRNUMBER =	 {93m:00056},
}

@book {MR95f:00029a,
  TITLE =		 {Encyclop{\'e}die des sciences math{\'e}matiques pures et appliqu{\'e}es.
                  {T}ome {I}. {V}ol. 2},
  EDITOR =		 {Molk, Jules},
  NOTE =		 {Alg{\`e}bre. [Algebra], Reprint of the French editions of 1907,
                  1910, 1911 and 1912},
  PUBLISHER =	 {{\'E}ditions Jacques Gabay},
  ADDRESS =		 {Sceaux},
  YEAR =		 {1992},
  PAGES =		 {vi+262},
  ISBN =		 {2-87647-101-9},
  MRCLASS =		 {00B60 (01A75)},
  MRNUMBER =	 {95f:00029a},
}

@book {MR95f:00029b,
  TITLE =		 {Encyclop{\'e}die des sciences math{\'e}matiques pures et appliqu{\'e}es.
                  {T}ome {I}{I}. {V}ol. 3},
  EDITOR =		 {Molk, Jules},
  EDITION =		 {French},
  NOTE =		 {Equations diff{\'e}rentielles ordinaires. [Ordinary differential
                  equations]},
  PUBLISHER =	 {{\'E}ditions Jacques Gabay},
  ADDRESS =		 {Sceaux},
  YEAR =		 {1992},
  PAGES =		 {vi+86},
  ISBN =		 {2-87647-106-X},
  MRCLASS =		 {00B60 (01A75)},
  MRNUMBER =	 {95f:00029b},
}

@book {MR95f:00029c,
  TITLE =		 {Encyclop{\'e}die des sciences math{\'e}matiques pures et appliqu{\'e}es.
                  {T}ome {I}{I}{I}. {V}ol. 4},
  EDITOR =		 {Molk, Jules},
  EDITION =		 {French},
  NOTE =		 {G{\'e}om{\'e}trie alg{\'e}brique dans l'espace. [Algebraic geometry in
                  space]},
  PUBLISHER =	 {{\'E}ditions Jacques Gabay},
  ADDRESS =		 {Sceaux},
  YEAR =		 {1992},
  PAGES =		 {vi+83},
  ISBN =		 {2-87647-113-2},
  MRCLASS =		 {00B60 (01A75)},
  MRNUMBER =	 {95f:00029c},
}

@book {MR97e:00009a,
  TITLE =		 {Encyclop{\'e}die des sciences math{\'e}matiques pures et appliqu{\'e}es.
                  {T}ome {I}. {V}ol. 4},
  EDITOR =		 {Molk, Jules},
  NOTE =		 {Calcul des probabilit{\'e}s. Th{\'e}orie des erreurs. Applications
                  diverses. [Probability theory. Error theory. Diverse
                  applications], Reprint of the 1904 and 1916 French editions},
  PUBLISHER =	 {{\'E}ditions Jacques Gabay},
  ADDRESS =		 {Sceaux},
  YEAR =		 {1993},
  PAGES =		 {vi+320},
  ISBN =		 {2-87647-103-5},
  MRCLASS =		 {00B60 (01A75)},
  MRNUMBER =	 {97e:00009a},
}

@book {MR97e:00009b,
  TITLE =		 {Encyclop{\'e}die des sciences math{\'e}matiques pures et appliqu{\'e}es.
                  {T}ome {I}{I}. {V}ol. 5},
  EDITOR =		 {Molk, Jules},
  NOTE =		 {D{\'e}veloppements en s{\'e}ries. [Series expansions], Reprint of
                  the 1904 and 1916 French editions},
  PUBLISHER =	 {{\'E}ditions Jacques Gabay},
  ADDRESS =		 {Sceaux},
  YEAR =		 {1993},
  PAGES =		 {vi+134},
  ISBN =		 {2-87647-108-6},
  MRCLASS =		 {00B60 (01A75)},
  MRNUMBER =	 {97e:00009b},
}

@book {MR97e:00009c,
  TITLE =		 {Encyclop{\'e}die des sciences math{\'e}matiques pures et appliqu{\'e}es.
                  {T}ome {I}{V}. {V}ol. 5},
  EDITOR =		 {Molk, Jules and Appell, Paul},
  NOTE =		 {Syst{\`e}mes d{\'e}formables. [Deformable systems], Reprint of the
                  1904 and 1916 French editions},
  PUBLISHER =	 {{\'E}ditions Jacques Gabay},
  ADDRESS =		 {Sceaux},
  YEAR =		 {1993},
  PAGES =		 {vi+106},
  ISBN =		 {2-87647-116-7},
  MRCLASS =		 {00B60 (01A75)},
  MRNUMBER =	 {97e:00009c},
}

@book {MR97e:00009d,
  TITLE =		 {Encyclop{\'e}die des sciences math{\'e}matiques pures et appliqu{\'e}es.
                  {T}ome {I}{V}. {V}ol. 6},
  EDITOR =		 {Molk, Jules and Appell, Paul},
  NOTE =		 {Balistique. Hydraulique.[Ballistics. Hydraulics], Reprint of
                  the 1904 and 1916 French editions},
  PUBLISHER =	 {{\'E}ditions Jacques Gabay},
  ADDRESS =		 {Sceaux},
  YEAR =		 {1993},
  PAGES =		 {vi+96},
  ISBN =		 {2-87647-117-5},
  MRCLASS =		 {00B60 (01A75)},
  MRNUMBER =	 {97e:00009d},
}

@book {MR97e:00009e,
  TITLE =		 {Encyclop{\'e}die des sciences math{\'e}matiques pures et appliqu{\'e}es.
                  {T}ome {V}{I}},
  EDITOR =		 {Molk, Jules and Lallemand, Ch.},
  NOTE =		 {G{\'e}od{\'e}sie---g{\'e}ophysique. [Geodesy---geophysics], Reprint of
                  the 1904 and 1916 French editions},
  PUBLISHER =	 {{\'E}ditions Jacques Gabay},
  ADDRESS =		 {Sceaux},
  YEAR =		 {1993},
  PAGES =		 {vi+163},
  ISBN =		 {2-87647-119-1},
  MRCLASS =		 {00B60 (01A75)},
  MRNUMBER =	 {97e:00009e},
}

@book {MR97e:00009f,
  TITLE =		 {Encyclop{\'e}die des sciences math{\'e}matiques pures et appliqu{\'e}es.
                  {T}ome {V}{I}{I}. {V}ol. 1},
  EDITOR =		 {Molk, Jules and Andoyer, H.},
  NOTE =		 {Astronomie sph{\'e}rique. [Spherical astronomy], Reprint of the
                  1904 and 1916 French editions},
  PUBLISHER =	 {{\'E}ditions Jacques Gabay},
  ADDRESS =		 {Sceaux},
  YEAR =		 {1993},
  PAGES =		 {vi+160},
  ISBN =		 {2-87647-120-5},
  MRCLASS =		 {00B60 (01A75)},
  MRNUMBER =	 {97e:00009f},
}

@book {MR97e:00009g,
  TITLE =		 {Encyclop{\'e}die des sciences math{\'e}matiques pures et appliqu{\'e}es.
                  {T}ome {V}{I}{I}{I}},
  EDITOR =		 {Molk, Jules},
  NOTE =		 {Table des mati{\`e}res. Tribune publique. [Table of contents.
                  Errata and addenda], Reprint of the 1904 and 1916 French
                  editions},
  PUBLISHER =	 {{\'E}ditions Jacques Gabay},
  ADDRESS =		 {Sceaux},
  YEAR =		 {1995},
  PAGES =		 {viii+149},
  ISBN =		 {2-87647-121-3},
  MRCLASS =		 {00B60 (01A75)},
  MRNUMBER =	 {97e:00009g},
}

@book {anthreya-ney,
  AUTHOR =		 {Athreya, Krishna B. and Ney, Peter E.},
  TITLE =		 {Branching processes},
  NOTE =		 {Die Grundlehren der mathematischen Wissenschaften, Band 196},
  PUBLISHER =	 {Springer-Verlag},
  ADDRESS =		 {New York},
  YEAR =		 {1972},
  PAGES =		 {xi+287}
}

@book {applebaum,
  AUTHOR =		 {Applebaum, David},
  TITLE =		 {Probability and information, An integrated approach},
  PUBLISHER =	 {Cambridge University Press},
  ADDRESS =		 {Cambridge},
  YEAR =		 {1996},
  PAGES =		 {xiv+212},
  ISBN =		 {0-521-55507-8; 0-521-55528-0}
}

@Unpublished{bakry-web,
  author =		 {Bakry, Dominique},
  title =		 {Cours de Probabilit{\'e}s de ma{\^\i}trise},
  note =		 {\url{http://www.lsp.ups-tlse.fr/Bakry/}}
}

@Book{baldi-mazliak-priouret,
  author =		 {Mazliak, L. and Priouret, P. and Baldi, P.},
  title =		 {Martingales et cha{\^\i}nes de {M}arkov},
  publisher =	 {Hermann},
  year =		 1998
}

@book{barbe-ledoux,
  AUTHOR =		 {Barbe, Ph. and Ledoux, Michel},
  TITLE =		 {Probabilit{\'e}s},
  YEAR =		 {1998},
  PAGES =		 {262},
  PUBLISHER =	 {Belin},
  SERIES =		 {De la licence {\`a} l'agr{\'e}gation},
  ISBN =		 {2-7011-2131-0}
}

@book {bass-1,
  AUTHOR =		 {Bass, Richard F.},
  TITLE =		 {Diffusions and elliptic operators},
  PUBLISHER =	 {Springer-Verlag},
  ADDRESS =		 {New York},
  YEAR =		 {1998},
  PAGES =		 {xiv+232},
  ISBN =		 {0-387-98315-5}
}

@book {bass-2,
  AUTHOR =		 {Bass, Richard F.},
  TITLE =		 {Probabilistic techniques in analysis},
  PUBLISHER =	 {Springer-Verlag},
  ADDRESS =		 {New York},
  YEAR =		 {1995},
  PAGES =		 {xii+392},
  ISBN =		 {0-387-94387-0}
}

@article {benford,
  AUTHOR =		 {Benford, F.},
  TITLE =		 {The law of anomalous numbers},
  JOURNAL =		 {Proceedings of the american philosophical society},
  VOLUME =		 {78},
  YEAR =		 {1938},
  PAGES =		 {551--572}
}

@Unpublished{besse-web,
  author =		 {Besse, Philippe C.},
  title =		 {Cours de Mod{\'e}lisation Statistique},
  note =		 {\url{http://www.lsp.ups-tlse.fr/Besse/}}
}

@book {betein-ceschi,
  AUTHOR =		 {Bertein, Jean-Claude and Ceschi, Roger},
  TITLE =		 {Processus stochastiques et filtrage de {K}alman},
  PUBLISHER =	 {Editions Herm{\`e}s},
  ADDRESS =		 {Paris},
  YEAR =		 {1998},
  PAGES =		 {121},
  ISBN =		 {2-86601-699-8}
}

@Book{bon,
  author =		 {Bon, J.-L.},
  title =		 {Fiabilit{\'e} des syst{\`e}mes - {M}{\'e}thodes math{\'e}matiques},
  publisher =	 {Masson},
  year =		 {1995}
}

@book {borkar,
  AUTHOR =		 {Borkar, Vivek S.},
  TITLE =		 {Probability theory, an advanced course},
  PUBLISHER =	 {Springer-Verlag},
  ADDRESS =		 {New York},
  YEAR =		 {1995},
  PAGES =		 {xiv+138},
  ISBN =		 {0-387-94558-X}
}

@Book{bouleau,
  author =		 {Bouleau, N.},
  title =		 {Probabilit{\'e}s de l'ing{\'e}nieur, variables al{\'e}atoires et
                  simulation},
  publisher =	 {Hermann},
  year =		 1986
}

@Book{bouleau2,
  author =		 {Bouleau, N.},
  title =		 {Processus stochastiques et applications},
  publisher =	 {Hermann},
  year =		 1988
}

@book {brezis,
  AUTHOR =		 {Br{\'e}zis, Ha{\"i}m},
  TITLE =		 {Analyse fonctionnelle},
  NOTE =		 {Th{\'e}orie et applications},
  PUBLISHER =	 {Masson},
  ADDRESS =		 {Paris},
  YEAR =		 {1983},
  PAGES =		 {xiv+234},
  ISBN =		 {2-225-77198-7}
}

@book {cartan,
  AUTHOR =		 {Cartan, Henri},
  TITLE =		 {Calcul diff{\'e}rentiel},
  PUBLISHER =	 {Hermann},
  ADDRESS =		 {Paris},
  YEAR =		 {1967},
  PAGES =		 {178}
}

@book {cocozza-thivent,
  AUTHOR =		 {Cocozza-Thivent, Christiane},
  TITLE =		 {Processus stochastiques et fiabilit{\'e} des syst{\`e}mes},
  PUBLISHER =	 {Springer-Verlag},
  ADDRESS =		 {Berlin},
  YEAR =		 {1997},
  PAGES =		 {xiv+435},
  ISBN =		 {3-540-63390-1}
}

@book{companion-1-fr,
  author =		 {Goossens, M. and Mittelbach, F. and Samarin, A.},
  title =		 {{\LaTeX} {C}ompanion, traduction fran{\c c}aise},
  publisher =	 {CampusPress},
  year =		 2000,
  ISBN =		 {2-7440-0897-4},
  pages =		 590
}

@book {cottrell-duhamel,
  AUTHOR =		 {Cottrell, Marie and Duhamel, Christian and Genon-Catalot,
                  Valentine},
  TITLE =		 {Exercices de probabilit{\'e}s},
  NOTE =		 {Avec rappels de cours. Pr{\'e}face de Gabriel Ruget},
  PUBLISHER =	 {Collections DIA},
  YEAR =		 {1980},
  PAGES =		 {287},
  ISBN =		 {2-7011-0831-4}
}

@article {cover-gacs-gray,
  AUTHOR =		 {Cover, T. M. and G{\'a}cs, P. and Gray, R. M.},
  TITLE =		 {Kolmogorov's contributions to information theory and
                  algorithmic complexity},
  JOURNAL =		 {Ann. Probab.},
  FJOURNAL =	 {The Annals of Probability},
  VOLUME =		 {17},
  YEAR =		 {1989},
  NUMBER =		 {3},
  PAGES =		 {840--865},
  ISSN =		 {0091-1798}
}

@book {cover-thomas,
  AUTHOR =		 {Cover, T. M. and Thomas, J. A.},
  TITLE =		 {Elements of information theory},
  NOTE =		 {A Wiley-Interscience Publication},
  PUBLISHER =	 {John Wiley \& Sons Inc.},
  ADDRESS =		 {New York},
  YEAR =		 {1991},
  PAGES =		 {xxiv+542},
  ISBN =		 {0-471-06259-6}
}

@book {cramer-46,
  AUTHOR =		 {Cram{\'e}r, Harald},
  TITLE =		 {Mathematical {M}ethods of {S}tatistics},
  NOTE =		 {Princeton Mathematical Series, vol. 9},
  PUBLISHER =	 {Princeton University Press},
  ADDRESS =		 {Princeton, N. J.},
  YEAR =		 {1946},
  PAGES =		 {xvi+575}
}

@book {dacunha-castelle-duflo,
  AUTHOR =		 {Dacunha-Castelle, Didier and Duflo, Marie},
  TITLE =		 {Probabilit{\'e}s et statistiques. {T}ome 1},
  NOTE =		 {Probl{\`e}mes {\`a} temps fixe.},
  PUBLISHER =	 {Masson},
  ADDRESS =		 {Paris},
  YEAR =		 {1982},
  PAGES =		 {xii+214},
  ISBN =		 {2-225-74547-1},
}

@book {dacunha-castelle-duflo-2,
  AUTHOR =		 {Dacunha-Castelle, Didier and Duflo, Marie},
  TITLE =		 {Probabilit{\'e}s et statistiques. {T}ome 2},
  NOTE =		 {Probl{\`e}mes {\`a} temps mobile.},
  PUBLISHER =	 {Masson},
  ADDRESS =		 {Paris},
  YEAR =		 {1983},
  PAGES =		 {xiv+286},
  ISBN =		 {2-225-76989-3}
}

@book {dacunha-castelle-duflo-exo-1,
  AUTHOR =		 {Dacunha-Castelle, Didier and Duflo, Marie},
  TITLE =		 {Exercices de probabilit{\'e}s et statistiques. {T}ome 1},
  NOTE =		 {Probl{\`e}mes {\`a} temps fixe.},
  PUBLISHER =	 {Masson},
  ADDRESS =		 {Paris},
  YEAR =		 {1982},
  PAGES =		 {viii+188},
  ISBN =		 {2-225-77902-3}
}

@book {dellacherie-meyer,
  AUTHOR =		 {Dellacherie, Claude and Meyer, Paul-Andr{\'e}},
  TITLE =		 {Probabilit{\'e}s et potentiel},
  PUBLISHER =	 {Hermann},
  ADDRESS =		 {Paris},
  YEAR =		 {1975},
  PAGES =		 {x+291}
}

@Book{delmoral,
  author =		 {Bartoli, Nathalie and Del Moral, Pierre},
  title =		 {Simulation et Algorithmes Stochastiques Une introduction
                  avec applications},
  publisher =	 {C{\'e}padu{\`e}s},
  year =		 {2001}
}

@book{desgraupes,
  author =		 {Desgraupes, B.},
  title =		 {{\LaTeX}, apprentissage, guide et r{\'e}f{\'e}rence},
  publisher =	 {Vuibert},
  year =		 2000,
  ISBN =		 {2-7117-8658-7},
  pages =		 760
}

@article {diaconis-77,
  AUTHOR =		 {Diaconis, Persi},
  TITLE =		 {The distribution of leading digits and uniform distribution
                  ${\rm mod}$ $1$},
  JOURNAL =		 {Ann. Probability},
  VOLUME =		 {5},
  YEAR =		 {1977},
  NUMBER =		 {1},
  PAGES =		 {72--81}
}

@article {diaconis-freedman-79,
  AUTHOR =		 {Diaconis, Persi and Freedman, David},
  TITLE =		 {On rounding percentages},
  JOURNAL =		 {J. Amer. Statist. Assoc.},
  FJOURNAL =	 {Journal of the American Statistical Association},
  VOLUME =		 {74},
  YEAR =		 {1979},
  NUMBER =		 {366, part 1},
  PAGES =		 {359--364},
  ISSN =		 {0003-1291}
}

@book{dion,
  TITLE =		 {Invitation {\`a} la th{\'e}orie de l'information},
  PUBLISHER =	 {{\'E}ditions du seuil},
  AUTHOR =		 {Dion, Emmanuel},
  SERIES =		 {Points sciences},
  ISBN =		 {2-02-029940-2},
  YEAR =		 {1997},
  PAGES =		 {384}
}

@book{djebbar,
  TITLE =		 {Une histoire de la science arabe},
  PUBLISHER =	 {{\'E}ditions du seuil},
  AUTHOR =		 {Djebbar, Ahmed},
  NOTE =		 {Entretien avec {J}ean {R}osmorduc},
  SERIES =		 {Points sciences},
  VOLUME =		 {144},
  ISBN =		 {2-02-039549-5},
  PAGES =		 {384},
  YEAR =		 {2001}
}

@book {doeblin,
  TITLE =		 {Sur l'{\'e}quation de {K}olmogoroff, par {W}. {D}oeblin},
  NOTE =		 {C. R. Acad. Sci. Paris S{\'e}r. I Math. {\bf 331} (2000),
                  Special Issue},
  AUTHOR =		 {Bru, B. and Doeblin, W. and Yor, M.},
  PUBLISHER =	 {{\'E}ditions Elsevier, Paris},
  YEAR =		 {2000},
  PAGES =		 {i--ii and 1033--1187},
  ISSN =		 {0764-4442}
}

@book {duflo,
  AUTHOR =		 {Duflo, Marie},
  TITLE =		 {Algorithmes stochastiques},
  PUBLISHER =	 {Springer-Verlag},
  ADDRESS =		 {Berlin},
  YEAR =		 {1996},
  PAGES =		 {xiv+319},
  ISBN =		 {3-540-60699-8}
}

@Book{dumas,
  author =		 {Dumas, Laurent},
  title =		 {Mod{\'e}lisation {\`a} l'oral de l'agr{\'e}gation - {C}alcul
                  scientifique},
  publisher =	 {Ellipes},
  year =		 {2001},
  series =		 {Collection CAPES/Agr{\'e}gation}
}

@book {encycl-sci-ara,
  TITLE =		 {Encyclopedia of the history of {A}rabic science. {V}ol.
                  1--3},
  EDITOR =		 {Rashed, Roshdi and Morelon, R{\'e}gis},
  PUBLISHER =	 {Routledge},
  ADDRESS =		 {London},
  YEAR =		 {1996},
  PAGES =		 {Vol.\ 1: xiv+330 pp.; Vol.\ 2: pp.\ i--viii and 331--750;
                  Vol.\ 3: pp.\ i--viii and 751--1105},
  ISBN =		 {0-415-02063-8}
}

@book {feller-1,
  AUTHOR =		 {Feller, William},
  TITLE =		 {An introduction to probability theory and its applications.
                  {V}ol. {I}},
  PUBLISHER =	 {John Wiley \& Sons Inc.},
  ADDRESS =		 {New York},
  YEAR =		 {1968},
  PAGES =		 {xviii+509}
}

@book {feller-2,
  AUTHOR =		 {Feller, William},
  TITLE =		 {An introduction to probability theory and its applications.
                  {V}ol. {I}{I}. },
  PUBLISHER =	 {John Wiley \& Sons Inc.},
  ADDRESS =		 {New York},
  YEAR =		 {1971},
  PAGES =		 {xxiv+669}
}

@Book{frugier-1,
  author =		 {Frugier, G{\'e}rard},
  title =		 {Exercices ordinaires de probabilit{\'e}s avec solutions et
                  rappels de cours},
  publisher =	 {Ellipses},
  year =		 {1998},
  ISBN =		 {2729892281},
  pages =		 {192}
}

@Book{frugier-2,
  author =		 {Frugier, G{\'e}rard},
  title =		 {Probabilit{\'e}s fortruites},
  publisher =	 {Ellipses},
  year =		 {1998},
  ISBN =		 {2729893679},
  pages =		 {320}
}

@book {gal-hul-laf,
  AUTHOR =		 {Gallot, Sylvestre and Hulin, Dominique and Lafontaine,
                  Jacques},
  TITLE =		 {Riemannian geometry},
  PUBLISHER =	 {Springer-Verlag},
  ADDRESS =		 {Berlin},
  YEAR =		 {1990},
  PAGES =		 {xiv+284},
  ISBN =		 {3-540-52401-0}
}

@Unpublished{garnier-web,
  author =		 {Garnier, J.},
  title =		 {Cours de probabilit{\'e}s du {DEUG} {MIAS}},
  note =		 {\url{http://www.lsp.ups-tlse.fr/Garnier/}}
}

@book {gnedenko-belyayev-solovyev,
  AUTHOR =		 {Gnedenko, B. V. and Belyayev, Yu. K. and Solovyev, A. D.},
  TITLE =		 {Mathematical methods of reliability theory},
  NOTE =		 {Translated by Scripta Technica, Inc, Translation edited by
                  Richard E. Barlow, Probability and Mathematical Statistics,
                  Vol. 6},
  PUBLISHER =	 {Academic Press},
  ADDRESS =		 {New York},
  YEAR =		 {1969},
  PAGES =		 {xi+506},
  NOTE =		 {Semble exister en fran{\c c}ais aux {\'e}ditions MIR (1972)}
}

@book{granet,
  author =		 {Granet, V. and Regourd, J.-P.},
  title =		 {Objectif {\LaTeX}},
  publisher =	 {Masson},
  year =		 1995,
  ISBN =		 {2-225-84993-5},
  pages =		 304
}

@book {harris-63,
  AUTHOR =		 {Harris, Theodore E.},
  TITLE =		 {The theory of branching processes},
  PUBLISHER =	 {Springer-Verlag},
  ADDRESS =		 {Berlin},
  YEAR =		 {1963},
  PAGES =		 {xiv+230}
}

@book {harris-fr,
  AUTHOR =		 {Harris, T. E.},
  TITLE =		 {Les processus de ramification. {A}pplications {\`a} la physique
                  et {\`a} la biologie},
  PUBLISHER =	 {Dunod},
  ADDRESS =		 {Paris},
  YEAR =		 {1969},
  PAGES =		 {xii+275}
}

@article {hill-95-1,
  AUTHOR =		 {Hill, Theodore P.},
  TITLE =		 {A statistical derivation of the significant-digit law},
  JOURNAL =		 {Statist. Sci.},
  FJOURNAL =	 {Statistical Science. A Review Journal of the Institute of
                  Mathematical Statistics},
  VOLUME =		 {10},
  YEAR =		 {1995},
  NUMBER =		 {4},
  PAGES =		 {354--363},
  ISSN =		 {0883-4237}
}

@article {hill-95-2,
  AUTHOR =		 {Hill, Theodore P.},
  TITLE =		 {The significant-digit phenomenon},
  JOURNAL =		 {Amer. Math. Monthly},
  FJOURNAL =	 {The American Mathematical Monthly},
  VOLUME =		 {102},
  YEAR =		 {1995},
  NUMBER =		 {4},
  PAGES =		 {322--327},
  ISSN =		 {0002-9890}
}

@article {hill-95-3,
  AUTHOR =		 {Hill, Theodore P.},
  TITLE =		 {Base-invariance implies {B}enford's law},
  JOURNAL =		 {Proc. Amer. Math. Soc.},
  FJOURNAL =	 {Proceedings of the American Mathematical Society},
  VOLUME =		 {123},
  YEAR =		 {1995},
  NUMBER =		 {3},
  PAGES =		 {887--895},
  ISSN =		 {0002-9939}
}

@book {karatzas-shreve,
  AUTHOR =		 {Karatzas, Ioannis and Shreve, Steven E.},
  TITLE =		 {Brownian motion and stochastic calculus},
  PUBLISHER =	 {Springer-Verlag},
  ADDRESS =		 {New York},
  YEAR =		 {1991},
  PAGES =		 {xxiv+470},
  ISBN =		 {0-387-97655-8}
}

@book {khinchin,
  AUTHOR =		 {Khinchin, A. I.},
  TITLE =		 {Mathematical foundations of information theory},
  NOTE =		 {Traduction de R. A. Silverman et M. D. Friedman},
  PUBLISHER =	 {Dover Publications Inc.},
  ADDRESS =		 {New York, N. Y.},
  YEAR =		 {1957},
  PAGES =		 {ii+120}
}

@book{kluth-faq-latex-fr,
  author =		 {Kluth, M.-P.},
  title =		 {{FAQ} {\LaTeX} {F}ran{\c c}aise},
  publisher =	 {Vuibert},
  year =		 2000,
  ISBN =		 {2-7117-8662-5},
  pages =		 464
}

@book{knuth-comp-typset-a,
  author =		 {Knuth, Donald E.},
  note =		 {Volume A, The {\TeX}book},
  publisher =	 {Addison-Wesley},
  year =		 1984,
  title =		 {Computers \& Typesetting},
  pages =		 {x+483},
  ISBN =		 {0-201-13447-0}
}

@book{knuth-comp-typset-b,
  author =		 {Knuth, Donald E.},
  note =		 {Volume B, {\TeX: The Program}},
  title =		 {Computers \& Typesetting},
  publisher =	 {Addison-Wesley},
  year =		 1986,
  pages =		 {xviii+600},
  ISBN =		 {0-201-13437-3}
}

@book{knuth-comp-typset-c,
  author =		 {Knuth, Donald E.},
  note =		 {Volume C, The {METAFONT}book},
  title =		 {Computers \& Typesetting},
  publisher =	 {Addison-Wesley},
  year =		 1986,
  pages =		 {xii+361},
  ISBN =		 {0-201-13445-4}
}

@book{knuth-comp-typset-d,
  author =		 {Knuth, Donald E.},
  note =		 {Volume D, {METAFONT}: The Program},
  title =		 {Computers \& Typesetting},
  publisher =	 {Addison-Wesley},
  year =		 1986,
  pages =		 {xviii+566},
  ISBN =		 {0-201-13438-1}
}

@book{knuth-comp-typset-e,
  author =		 {Knuth, Donald E.},
  note =		 {Volume E, Computer {M}odern {T}ypefaces},
  title =		 {Computers \& Typesetting},
  publisher =	 {Addison-Wesley},
  year =		 1986,
  pages =		 {xvi+588},
  ISBN =		 {0-201-13446-2}
}

@book{knuth-metafont,
  author =		 {Knuth, Donald E.},
  title =		 {The {METAFONT}book},
  publisher =	 {Addison-Wesley},
  year =		 1986,
  pages =		 {xii+361},
  ISBN =		 {0-201-13444-6}
}

@book {knuth-taocp-1-3,
  AUTHOR =		 {Knuth, Donald E.},
  TITLE =		 {The art of computer programming},
  NOTE =		 {Volume 1: Fundamental algorithms},
  series =		 {Computer Science and Information Processing},
  PUBLISHER =	 {Addison-Wesley},
  YEAR =		 {1975},
  PAGES =		 {xxii+634}
}

@book {knuth-taocp-2-3,
  AUTHOR =		 {Knuth, Donald E.},
  TITLE =		 {The art of computer programming. {V}ol. 2},
  NOTE =		 {Seminumerical algorithms},
  series =		 {Computer Science and Information Processing},
  PUBLISHER =	 {Addison-Wesley},
  YEAR =		 1981,
  PAGES =		 {xiii+688},
  ISBN =		 {0-201-03822-6}
}

@book {knuth-taocp-3-3,
  AUTHOR =		 {Knuth, Donald E.},
  TITLE =		 {The art of computer programming. {V}olume 3},
  NOTE =		 {Sorting and searching},
  series =		 {Computer Science and Information Processing},
  PUBLISHER =	 {Addison-Wesley},
  YEAR =		 {1973},
  PAGES =		 {xi+722}
}

@book {knuth-taocp-err,
  AUTHOR =		 {Knuth, Donald E.},
  TITLE =		 {The state of the art of computer programming},
  NOTE =		 {Errata to {\it The art of computer programming, Vols. 1 and
                  2}, Addison-Wesley},
  PUBLISHER =	 {Computer Science Department, School of Humanities and
                  Sciences, Stanford University, Stanford, Calif.},
  YEAR =		 {1976},
  PAGES =		 {i+57}
}

@book{knuth-tex,
  author =		 {Knuth, Donald E.},
  title =		 {The {\TeX}book},
  publisher =	 {Addison-Wesley},
  year =		 1984,
  pages =		 {x+483},
  ISBN =		 {0-201-13448-9}
}

@book{knuth-texmf-new,
  author =		 "Knuth, Donald E.",
  title =		 "{{\TeX} and {{METAFONT}}. New directions in typesetting.}",
  publisher =	 "{American Mathematical Society.}",
  pages =		 {355},
  year =		 {1979}
}

@book {lamberton-lapeyre,
  AUTHOR =		 {Lamberton, Damien and Lapeyre, Bernard},
  TITLE =		 {Introduction au calcul stochastique appliqu{\'e} {\`a} la finance},
  EDITION =		 {Second},
  PUBLISHER =	 {Ellipses {\'E}dition Marketing},
  ADDRESS =		 {Paris},
  YEAR =		 {1997},
  PAGES =		 {176},
  ISBN =		 {2-7298-4782-0}
}

@book{lamport-latex,
  author =		 {Lamport, L.},
  title =		 {{\LaTeX}: {A} {D}ocument {P}reparation {S}ystem},
  publisher =	 {Addison-Wesley},
  year =		 {1994},
  ISBN =		 {0-201-15790-X,0-201-52983-1},
  pages =		 {xvi+272}
}

@book {lapeyre-pardoux-sentis,
  AUTHOR =		 {Lapeyre, Bernard and Pardoux, {\'E}tienne and Sentis,
                  R{\'e}mi},
  TITLE =		 {M{\'e}thodes de {M}onte-{C}arlo pour les {\'e}quations de
                  transport et de diffusion},
  PUBLISHER =	 {Springer-Verlag},
  ADDRESS =		 {Berlin},
  YEAR =		 {1998},
  PAGES =		 {x+176},
  ISBN =		 {3-540-63393-6}
}

@book {laplace-1,
  AUTHOR =		 {Laplace, Pierre-Simon},
  TITLE =		 {Th{\'e}orie analytique des probabilit{\'e}s. {V}ol. {I}},
  NOTE =		 {Introduction: Essai philosophique sur les probabilit{\'e}s.
                  Livre {I}: Du calcul des fonctions g{\'e}n{\'e}ratrices., R{\'e}{\'e}dition
                  de la quatri{\`e}me {\'e}dition de 1819},
  PUBLISHER =	 {{\'E}ditions Jacques Gabay},
  ADDRESS =		 {Paris},
  YEAR =		 {1995},
  PAGES =		 {clxx+194},
  ISBN =		 {2-87647-161-2}
}

@book {laplace-2,
  AUTHOR =		 {Laplace, Pierre-Simon},
  TITLE =		 {Th{\'e}orie analytique des probabilit{\'e}s. {V}ol. {I}{I}},
  NOTE =		 {Livre {II}: Th{\'e}orie g{\'e}n{\'e}rale des probabilit{\'e}s. Suppl{\'e}ments.,
                  R{\'e}{\'e}dition de la troisi{\`e}me {\'e}dition de 1820},
  PUBLISHER =	 {{\'E}ditions Jacques Gabay},
  ADDRESS =		 {Paris},
  YEAR =		 {1995},
  PAGES =		 {i--xviii and 195--691},
  ISBN =		 {2-87647-161-2}
}

@book{latex-companion-1,
  author =		 {Goossens, M. and Mittelbach, F. and Samarin, A.},
  title =		 {The {\LaTeX} {C}ompanion},
  publisher =	 {Addison-Wesley},
  year =		 1993,
  ISBN =		 {0-201-54199-8},
  pages =		 {xxi+528}
}

@book{latex-companion-2,
  author =		 {Goossens, M. and Rahtz, S. and Mittelbach},
  title =		 {The {\LaTeX} {G}raphics {C}ompanion: {I}llustrating
                  {D}ocuments {W}ith {\TeX} and {P}ostscript},
  publisher =	 {Addison-Wesley},
  series =		 {Tools and Techniques for Computer Typesetting},
  year =		 1996,
  ISBN =		 {0-201-85469-4},
}

@book{latex-companion-3,
  author =		 {Goossens, M. and Rahtz, S.},
  title =		 {The {\LaTeX} {W}eb {C}ompanion : {I}ntegrating {\TeX},
                  {HTML} and {XML}},
  publisher =	 {Addison-Wesley},
  series =		 {Tools and Techniques for Computer Typesetting},
  year =		 1998,
  ISBN =		 {0-201-43311-7},
  pages =		 448
}

@book {lawler,
  AUTHOR =		 {Lawler, Gregory F.},
  TITLE =		 {Intersections of random walks},
  PUBLISHER =	 {Birkh{\"a}user Boston Inc.},
  ADDRESS =		 {Boston, MA},
  YEAR =		 {1991},
  PAGES =		 {219},
  ISBN =		 {0-8176-3557-2}
}

@Unpublished{letac-web,
  author =		 {Letac, G.},
  title =		 {Cours de Probabilit{\'e}s de premier cycle},
  note =		 {\url{http://www.lsp.ups-tlse.fr/Fp/Letac/}}
}

@Book{lichnevsky,
  editor =		 {Lichnevski, Alain},
  title =		 {Mod{\'e}lisation math{\'e}matique : un autre regard -- {I}ssu de
                  l'{\'e}preuve de mod{\'e}lisation de l'agr{\'e}gation},
  publisher =	 {Springer},
  series =		 {Scopos},
  number =		 {16},
  year =		 {2002}
}

@book {metivier,
  AUTHOR =		 {M{\'e}tivier, Michel},
  TITLE =		 {Probabilit{\'e}s},
  NOTE =		 {Dix le{\c c}ons d'introduction.},
  PUBLISHER =	 {{\'E}cole Polytechnique},
  ADDRESS =		 {Palaiseau},
  YEAR =		 {1987},
  PAGES =		 {160},
  ISBN =		 {2-7298-8716-4}
}

@book{milhaud,
  AUTHOR =		 {Milhaud, Xavier},
  TITLE =		 {Statistique},
  YEAR =		 {2001},
  PAGES =		 {192},
  PUBLISHER =	 {Belin},
  SERIES =		 {De la licence {\`a} l'agr{\'e}gation},
  ISBN =		 {2-7011-2650-9}
}

@book {nagel-newman-godel-girard,
  AUTHOR =		 {Nagel, E. and Newman, J.R. and G{\"o}del, K. and Girard, J.-Y.},
  TITLE =		 {Le th{\'e}or{\`e}me de {G}{\"o}del},
  PUBLISHER =	 {{\'E}ditions du Seuil},
  YEAR =		 {1997},
  series =		 {Points - Sciences}
}

@article {newcomb,
  AUTHOR =		 {Newcomb, S.},
  TITLE =		 {Note on the frequency of the use of digits in natural
                  numbers},
  JOURNAL =		 {American Journal of Mathematics},
  VOLUME =		 {4},
  YEAR =		 {1881},
  PAGES =		 {39--40}
}

@book {norris,
  AUTHOR =		 {Norris, J. R.},
  TITLE =		 {Markov chains},
  NOTE =		 {Reprint of 1997 original},
  PUBLISHER =	 {Cambridge University Press},
  ADDRESS =		 {Cambridge},
  YEAR =		 {1998},
  PAGES =		 {xvi+237},
  ISBN =		 {0-521-48181-3}
}

@Book{paul-toulouse,
  author =		 {Toulouse, P.},
  title =		 {Th{\`e}mes de Probabilit{\'e}s et Statistique},
  publisher =	 {Dunod},
  year =		 {1999},
  note =		 {INTERDIT {\`A} L'ORAL}
}

@book {petrov,
  AUTHOR =		 {Petrov, Valentin V.},
  TITLE =		 {Limit theorems of probability theory},
  NOTE =		 {Sequences of independent random variables, Oxford Science
                  Publications},
  PUBLISHER =	 {The Clarendon Press Oxford University Press},
  ADDRESS =		 {New York},
  YEAR =		 {1995},
  PAGES =		 {xii+292},
  ISBN =		 {0-19-853499-X}
}

@book{revuz-probas,
  author =		 {Revuz, D.},
  title =		 {Probabilit{\'e}s},
  publisher =	 {Hermann},
  year =		 {1997},
  ISBN =		 {2705663312}
}

@book {revuz-yor,
  AUTHOR =		 {Revuz, Daniel and Yor, Marc},
  TITLE =		 {Continuous martingales and {B}rownian motion},
  EDITION =		 {2{\`e}me},
  PUBLISHER =	 {Springer-Verlag},
  ADDRESS =		 {Berlin},
  YEAR =		 {1994},
  PAGES =		 {xii+560},
  ISBN =		 {3-540-57622-3}
}

@book{rolland,
  author =		 {Rolland, C.},
  title =		 {{\LaTeX}. {G}uide pratique},
  publisher =	 {O'Reilly},
  year =		 1999,
  ISBN =		 {2-84177-073-7},
  pages =		 559
}

@book {roman,
  AUTHOR =		 {Roman, Steven},
  TITLE =		 {Coding and information theory},
  PUBLISHER =	 {Springer-Verlag},
  ADDRESS =		 {New York},
  YEAR =		 {1992},
  PAGES =		 {xviii+486},
  ISBN =		 {0-387-97812-7}
}

@book {roman-97,
  AUTHOR =		 {Roman, Steven},
  TITLE =		 {Introduction to coding and information theory},
  PUBLISHER =	 {Springer-Verlag},
  ADDRESS =		 {New York},
  YEAR =		 {1997},
  PAGES =		 {xiv+323},
  ISBN =		 {0-387-94704-3}
}

@book {ross-1,
  AUTHOR =		 {Ross, Sheldon M.},
  TITLE =		 {Introduction to probability models},
  EDITION =		 {Seventh},
  PUBLISHER =	 {Harcourt/Academic Press, San Diego, CA},
  YEAR =		 {2000},
  PAGES =		 {xvi+693},
  ISBN =		 {0-12-598475-8}
}

@book {ross-2,
  AUTHOR =		 {Ross, Sheldon M.},
  TITLE =		 {Simulation},
  EDITION =		 {Second},
  PUBLISHER =	 {Academic Press Inc.},
  ADDRESS =		 {San Diego, CA},
  YEAR =		 {1997},
  PAGES =		 {xii+282},
  ISBN =		 {0-12-598410-3}
}

@book {ross-3,
  AUTHOR =		 {Ross, Sheldon M.},
  TITLE =		 {Applied probability models with optimization applications},
  NOTE =		 {Reprint of the 1970 original},
  PUBLISHER =	 {Dover Publications Inc.},
  ADDRESS =		 {New York},
  YEAR =		 {1992},
  PAGES =		 {viii+198},
  ISBN =		 {0-486-67314-6}
}

@book {rubinstein-reuven,
  AUTHOR =		 {Rubinstein, Reuven Y.},
  TITLE =		 {Simulation and the {M}onte {C}arlo method},
  NOTE =		 {Wiley Series in Probability and Mathematical Statistics},
  PUBLISHER =	 {John Wiley \& Sons Inc.},
  ADDRESS =		 {New York},
  YEAR =		 {1981},
  PAGES =		 {xv+278},
  ISBN =		 {0-471-08917-6}
}

@book {rubinstein-reuven-melamed,
  AUTHOR =		 {Rubinstein, Reuven Y. and Melamed, Benjamin},
  TITLE =		 {Modern simulation and modeling},
  NOTE =		 {A Wiley-Interscience Publication},
  PUBLISHER =	 {John Wiley \& Sons Inc.},
  ADDRESS =		 {New York},
  YEAR =		 {1998},
  PAGES =		 {xx+352},
  ISBN =		 {0-471-17077-1}
}

@book {rudin,
  AUTHOR =		 {Rudin, Walter},
  TITLE =		 {Analyse r{\'e}elle et complexe},
  PUBLISHER =	 {Masson},
  ADDRESS =		 {Paris},
  YEAR =		 {1975},
  ISBN =		 {2-225-48400-7}
}

@book {ruegg,
  AUTHOR =		 {Ruegg, Alan},
  TITLE =		 {Processus stochastiques},
  NOTE =		 {Avec applications aux ph{\'e}nom{\`e}nes d'attente et de
                  fiabilit{\'e}. [With applications to queueing and
                  reliability]},
  PUBLISHER =	 {Presses Polytechniques Romandes},
  ADDRESS =		 {Lausanne},
  YEAR =		 {1989},
  PAGES =		 {xiv+150},
  ISBN =		 {2-88074-168-8}
}

@Book{ruget,
  editor =		 {Ruget, Claudine},
  title =		 {Math{\'e}matiques en situation -- {I}ssues de l'{\'e}preuve de
                  mod{\'e}lisation de l'agr{\'e}gation},
  publisher =	 {Springer},
  series =		 {Scopos},
  year =		 {2000}
}

@Book{saporta,
  author =		 {Saporta, G.},
  title =		 {Probabilit{\'e}s, analyse des donn{\'e}es et statistique},
  publisher =	 {Technip},
  year =		 {1989}
}

@Book{schrafstetter,
  author =		 {Schrafstetter, E.},
  title =		 {Probabilit{\'e}s et Statistiques avec {M}atLab et {M}aple},
  publisher =	 {{C}entre {U}niversitaire de {F}ormation {C}ontinue, {U}niv.
                  d'{A}ngers},
  year =		 {1999},
  note =		 {\url{http://www.univ-angers.fr/cufco/matlab/}}
}

@article {shannon,
  AUTHOR =		 {Shannon, C. E.},
  TITLE =		 {A mathematical theory of communication},
  JOURNAL =		 {Bell System Tech. J.},
  VOLUME =		 {27},
  YEAR =		 {1948},
  PAGES =		 {379--423, 623--656}
}

@Book{singh,
  author =		 {Singh, Simon},
  title =		 {Histoire des codes secrets},
  publisher =	 {Jean-Claude Lat{\`e}s},
  year =		 {1999},
  pages =		 {340},
  ISBN =		 {2709620480}
}

@book {spitzer-fr,
  AUTHOR =		 {Spitzer, F.},
  TITLE =		 {Principes des cheminements al{\'e}atoires},
  PUBLISHER =	 {Dunod},
  ADDRESS =		 {Paris},
  YEAR =		 {1970},
  PAGES =		 {xi+411}
}

@book {storer,
  AUTHOR =		 {Storer, J.A.},
  TITLE =		 {Data Compression. {M}ethods and theory},
  PUBLISHER =	 {Computer Science Press},
  YEAR =		 {1988},
  ISBN =		 {0-7167-8156-5}
}

@book {tassi-legait,
  AUTHOR =		 {Tassi, Philippe and Legait, Sylvia},
  TITLE =		 {Th{\'e}orie des probabilit{\'e}s en vue des applications
                  statistiques},
  PUBLISHER =	 {{\'E}ditions Technip},
  ADDRESS =		 {Paris},
  YEAR =		 {1990},
  PAGES =		 {359},
  ISBN =		 {2-7108-0582-0}
}

@book {taylor-karlin,
  AUTHOR =		 {Taylor, Howard M. and Karlin, Samuel},
  TITLE =		 {An introduction to stochastic modeling},
  EDITION =		 {Third},
  PUBLISHER =	 {Academic Press Inc.},
  ADDRESS =		 {San Diego, CA},
  YEAR =		 {1998},
  PAGES =		 {xii+631},
  ISBN =		 {0-12-684887-4}
}

@Book{tomassone,
  author =		 {Tomassone, R. and Dervin, C. and Masson, J.-P.},
  title =		 {Biom{\'e}trie, Mod{\'e}lisation de ph{\'e}nom{\`e}nes biologiques},
  publisher =	 {Masson},
  year =		 {1993}
}

@book {turing-girard,
  AUTHOR =		 {Turing, Alan and Girard, Jean-Yves},
  TITLE =		 {La machine de {T}uring},
  PUBLISHER =	 {{\'E}ditions du Seuil},
  YEAR =		 {1995},
  series =		 {Points - Sciences}
}

@Book{vokac,
  author =		 {Vo Kac, K.},
  title =		 {Estimation et tests},
  publisher =	 {Ellipses},
  year =		 {1985}
}

@book {williams,
  AUTHOR =		 {Williams, David},
  TITLE =		 {Probability with martingales},
  PUBLISHER =	 {Cambridge University Press},
  ADDRESS =		 {Cambridge},
  YEAR =		 {1991},
  PAGES =		 {xvi+251},
  ISBN =		 {0-521-40455-X; 0-521-40605-6}
}

@Book{yagloms,
  author =		 {Yaglom, A. M. and Yaglom, I. M.},
  title =		 {Probabilit{\'e} et {I}nformation},
  publisher =	 {Dunod},
  year =		 {1959},
  note =		 {Traduit du russe par {W}. {M}ercourov}
}

@book {yosida,
  AUTHOR =		 {Yosida, K\=osaku},
  TITLE =		 {Functional analysis},
  PUBLISHER =	 {Springer-Verlag},
  ADDRESS =		 {Berlin},
  YEAR =		 {1980},
  PAGES =		 {xii+501},
  ISBN =		 {3-540-58654-7}
}

@book{zinsmeister-96,
  author =		 "Zinsmeister, Michel",
  title =		 "{Formalisme thermodynamique et syst{\`e}mes dynamiques
                  holomorphes}",
  year =		 "{1996}",
  publisher =	 "{Soci{\'e}t{\'e} Math{\'e}matique de France. Paris}",
  series =		 "{Panoramas et Synth{\`e}ses}",
  volume =		 "{4}"
}

%%%%%%%%%%%%%%%%%%%%%%%%%%
%
%   LIVRES
%     TTL
%%%%%%%%%%%%%%%%%%%%%%%%


@book{laudenbach2000calcul,
  title={Calcul diff{\'e}rentiel et int{\'e}gral},
  author={Laudenbach, F.},
  isbn={9782730207249},
  url={http://books.google.fr/books?id=Ws9A7ZoRJNEC},
  year={2000},
  publisher={les {\'E}d. de l'{\'E}cole polytechnique}
}

@book{GQYneyj,
    author = {Zuily, Claude},
    title = {Éléments de distributions et d'équations aux dérivées partielles.},
    publisher = {Dunod},
    year = {2002},
}

@book{MneimneLie,
    AUTHOR = {Mneimé, Rached and Testard, Frédéric},
     TITLE = {Groupes de {L}ie classiques},
 PUBLISHER = {Hermann},
      YEAR = {1986},
      ISBN = {2-7056-6040-2},
}

@BOOK{VBYOJrU,
    author = {De Marco, Giuseppe},
    editor = {Zanichelli},
    title = {Analisi due},
    year = {1999},
}

@BOOK{GZAtGXY,
    author = {Dianoux, Jean-Luc and Dorembus, Muriel},
    title = {Mathématiques première stmg},
    editor = {Nathan},
    publisher = {},
    year = {2012},
    otherinfo = {}
}

@BOOK{NourdinAnal,
    author = {Nourdin, Ivan},
    title  = {Leçons d'analyse, probabilités algèbre et géométrie},
    publisher={Dunod},
    year   = {2001},
    ISBN={2-10-005668-9}
}

@Article{DemaillyNum,
    author = {Demailly, Jean-Pierre},
    title  = {Analyse numérique et équations différentielles},
    year   = {1991},
    publisher={Presses universitaires de Grenoble},
    ISBN={2.7061.0421.X}
}

@book{MneimneReduct,
    AUTHOR = {Mneimé, Rached},
     TITLE = {Réduction des endomorphismes},
 PUBLISHER = {Calvage et Mounet},
      YEAR = {2006},
      ISBN = {2-916352-01-5},
}

@book{Combes,
    AUTHOR = {Combes, François},
     TITLE = {Algèbre et géométrie},
 PUBLISHER = {Bréal},
      YEAR = {2003},
      ISBN = {2-84291-202-0},
}

@book{Tauvel,
    AUTHOR = {Tauvel, Patrice},
     TITLE = {Cours d'algèbre},
 PUBLISHER = {Dunod},
      YEAR = {1999},
      ISBN = {2-10-005490-3},
}

@book{Cornwell,
    author = {Cornwell, J.F.},
    title = {Group theory in physics, volume 2},
    year = {1984},
}

@book{GuideToQuantumGroups,
    AUTHOR = {Chari, Vyjayanthi and Pressley, Andrew},
     TITLE = {A guide to quantum groups},
 PUBLISHER = {Cambridge University Press},
   ADDRESS = {Cambridge},
      YEAR = {1994},
     PAGES = {xvi+651},
      ISBN = {0-521-43305-3},
   MRCLASS = {17B37 (16W30 81R50)},
  MRNUMBER = {1300632 (95j:17010)},
MRREVIEWER = {Tomasz Brzezi{\'n}ski},
}


@book{SerreMatrices,
AUTHOR = {Serre, Denis},
TITLE = {Matrices},
SERIES = {Graduate Texts in Mathematics},
PUBLISHER = {Springer},
YEAR = {2010},
}


@book{Kassel,
AUTHOR = {Kassel,Christian},
TITLE = {Quantum groups},
SERIES = {Graduate Texts in Mathematics},
PUBLISHER = {Springer-Verlag},
YEAR = {1995},
ISBN = {3-540-94370-6},
MRCLASS = {17Bxx},
MRNUMBER = {MR499562 (81b:17007)},
MRREVIEWER = {I. P. Shestakov},
}


@book{TimmernannInvitation,
    AUTHOR = {Timmermann, Thomas},
     TITLE = {An invitation to quantum groups and duality},
    SERIES = {EMS Textbooks in Mathematics},
      NOTE = {From Hopf algebras to multiplicative unitaries and beyond},
 PUBLISHER = {European Mathematical Society (EMS), Z\"urich},
      YEAR = {2008},
     PAGES = {xx+407},
      ISBN = {978-3-03719-043-2},
   MRCLASS = {46L05 (16W35 46L65 58B32)},
  MRNUMBER = {2397671 (2009f:46079)},
MRREVIEWER = {Stefaan Vaes},
       DOI = {10.4171/043},
       URL = {http://dx.doi.org/10.4171/043},
}

@book{SoibelmanI,
    AUTHOR = {Korogodski, Leonid I. and Soibelman, Yan S.},
    TITLE = {Algebras of functions on quantum groups: part I},
    YEAR = {1998},
}

@book{SerreSSAlgebres,
    AUTHOR = {Serre, Jean-Pierre},
     TITLE = {Alg\`ebres de {L}ie semi-simples complexes},
 PUBLISHER = {W. A. Benjamin, inc., New York-Amsterdam},
      YEAR = {1966},
     PAGES = {viii+130 pp. (not consecutively paged)},
   MRCLASS = {17.30 (22.00)},
  MRNUMBER = {0215886 (35 \#6721)},
MRREVIEWER = {S. Murakami},
}


@book{zelobenko,
    AUTHOR = {{\v{Z}}elobenko, D. P.},
     TITLE = {Compact {L}ie groups and their representations},
      NOTE = {Translated from the Russian by Israel Program for Scientific
              Translations,
              Translations of Mathematical Monographs, Vol. 40},
 PUBLISHER = {American Mathematical Society},
   ADDRESS = {Providence, R.I.},
      YEAR = {1973},
     PAGES = {viii+448},
   MRCLASS = {22EXX},
  MRNUMBER = {MR0473098 (57 \#12776b)},
}

@book{Wybourne,
    author = {Wybourne, Brian G.},
    title = {Classical groups for physicists},
    year = {1974},
    note = {Very complete discussion about computation of root and weight space; many examples on $\gsu(3)$.},
}

@book{JonesSunder,
    AUTHOR = {Jones, V. and Sunder, V. S.},
     TITLE = {Introduction to subfactors},
    SERIES = {London Mathematical Society Lecture Note Series},
    VOLUME = {234},
 PUBLISHER = {Cambridge University Press},
   ADDRESS = {Cambridge},
      YEAR = {1997},
     PAGES = {xii+162},
      ISBN = {0-521-58420-5},
   MRCLASS = {46L37 (46-01 46L10 57M25)},
  MRNUMBER = {MR1473221 (98h:46067)},
MRREVIEWER = {Carl Winsl{\o}w},
}

@book{DixDecompBk,
    AUTHOR = {Dixmier, Jacques},
     TITLE = {{$C\sp*$}-algebras},
      NOTE = {Translated from the French by Francis Jellett,
              North-Holland Mathematical Library, Vol. 15},
 PUBLISHER = {North-Holland Publishing Co.},
   ADDRESS = {Amsterdam},
      YEAR = {1977},
     PAGES = {xiii+492},
      ISBN = {0-7204-0762-1},
   MRCLASS = {46L05},
  MRNUMBER = {MR0458185 (56 \#16388)},
}


@preamble{
   "\def\polhk#1{\setbox0=\hbox{#1}{\ooalign{\hidewidth
    \lower1.5ex\hbox{`}\hidewidth\crcr\unhbox0}}} "
}

@book{BarutTheReprez,
    AUTHOR = {Barut, Asim O. and R{\polhk{a}}czka, Ryszard},
     TITLE = {Theory of group representations and applications},
   EDITION = {Second},
 PUBLISHER = {World Scientific Publishing Co.},
   ADDRESS = {Singapore},
      YEAR = {1986},
     PAGES = {xx+717},
      ISBN = {9971-50-217-8},
   MRCLASS = {22E45 (81C40)},
  MRNUMBER = {MR889252 (88c:22013)},
}

@book{MK_book,
    AUTHOR = {Karoubi, Max},
     TITLE = {{$K$}-theory, An introduction},
      NOTE = {Grundlehren der Mathematischen Wissenschaften, Band 226. \\\url{http://www.institut.math.jussieu.fr/~karoubi/KBook.html}},
 PUBLISHER = {Springer-Verlag},
   ADDRESS = {Berlin},
      YEAR = {1978},
     PAGES = {xviii+308},
      ISBN = {3-540-08090-2},
   MRCLASS = {55B15 (55F50)},
  MRNUMBER = {MR0488029 (58 \#7605)},
MRREVIEWER = {V. P. Snaith},
}

@book{ReprezGpLieResolubles,
    AUTHOR = {Bernat, P. and Conze, N. and Duflo, M. and L{\'e}vy-Nahas, M.
              and Ra{\"{\i}}s, M. and Renouard, P. and Vergne, M.},
     TITLE = {Repr\'esentations des groupes de {L}ie r\'esolubles},
      NOTE = {Monographies de la Soci\'et\'e Math\'ematique de France, No.
              4},
 PUBLISHER = {Dunod},
   ADDRESS = {Paris},
      YEAR = {1972},
     PAGES = {x+272},
   MRCLASS = {22E25 (22E45)},
  MRNUMBER = {MR0444836 (56 \#3183)},
MRREVIEWER = {S. Sankaran},
}

@book{Jacobson_alg,
    AUTHOR = {Jacobson, Nathan},
     TITLE = {Basic algebra. {II}},
 PUBLISHER = {W. H. Freeman and Co.},
   ADDRESS = {San Francisco, Calif.},
      YEAR = {1980},
     PAGES = {xix+666},
      ISBN = {0-7167-1079-X},
   MRCLASS = {00A05},
  MRNUMBER = {MR571884 (81g:00001)},
MRREVIEWER = {M. F. Smiley},
}

@book{Taylor_PDO,
    AUTHOR = {Taylor, Michael E.},
     TITLE = {Pseudodifferential operators},
    SERIES = {Princeton Mathematical Series},
    VOLUME = {34},
 PUBLISHER = {Princeton University Press},
   ADDRESS = {Princeton, N.J.},
      YEAR = {1981},
     PAGES = {xi+452},
      ISBN = {0-691-08282-0},
   MRCLASS = {35Sxx (35-02 47G05 58G15 78A05)},
  MRNUMBER = {MR618463 (82i:35172)},
MRREVIEWER = {Vesselin M. Petkov},
}


@book{Maslov,
    AUTHOR = {Maslov, V.},
     TITLE = {M\'ethodes op\'eratorielles},
      NOTE = {Translated from the Russian by Djilali Embarek. An English translation by  {V}.~Golo, {N}.~{K}ulman and {G}.~Voropaeva exists under the title \emph{Operational methods}.},
 PUBLISHER = {\'Editions Mir},
   ADDRESS = {Moscow},
      YEAR = {1987},
     PAGES = {708},
   MRCLASS = {47-02 (35A22 46-02 46F10 47F05 58F05 58G15)},
  MRNUMBER = {MR1085245 (91k:47003)},
}

@book{Knapp_reprez,
    AUTHOR = {Knapp, Anthony W.},
     TITLE = {Representation theory of semi-simple groups},
    SERIES = {Princeton Mathematical Series},
    VOLUME = {36},
      NOTE = {An overview based on examples},
 PUBLISHER = {Princeton University Press},
   ADDRESS = {Princeton, NJ},
      YEAR = {1986},
     PAGES = {xviii+774},
      ISBN = {0-691-08401-7},
   MRCLASS = {22E46 (22-01 22E30)},
  MRNUMBER = {MR855239 (87j:22022)},
MRREVIEWER = {Wulf Rossmann},
}


@Book{Weinberg,
author = {S.Weinberg},
editor = {Cambridge university press},
title = {The quantum theory of fields},
publisher = {},
year = {1995},
volume = {1},
}

@Book{Chevalley,
author = {C. Chevalley},
editor = {Columbia university},
title = {The {A}legraic theory of spinors},
publisher = {},
year = {1954},
note = {A deep discussion about Clifford algebras.},
}

@Book{Peskin,
author = {M.E. Peskin and D.V.Schroeder},
editor = {Perseus Books},
title = {An introduction to quantum field theory},
publisher = {},
year = {1995},
note = {Title says what it is.},
}

@book{Helgason,
    AUTHOR = {S. Helgason},
     TITLE = {Differential geometry, {L}ie groups, and symmetric spaces},
    SERIES = {Pure and Applied Mathematics},
    VOLUME = {80},
 PUBLISHER = {Academic Press Inc. [Harcourt Brace Jovanovich Publishers]},
   ADDRESS = {New York},
      YEAR = {1978},
     PAGES = {xv+628},
      ISBN = {0-12-338460-5},
   MRCLASS = {53C35 (22E10 22E46 22E60 53C21)},
  MRNUMBER = {MR514561 (80k:53081)},
MRREVIEWER = {Rolf Sulanke},
}

@book{HelgasonSym,
    AUTHOR = {S. Helgason},
     TITLE = {Differential geometry and symmetric spaces},
    SERIES = {Pure and Applied Mathematics, Vol. XII},
 PUBLISHER = {Academic Press},
   ADDRESS = {New York},
      YEAR = {1962},
     PAGES = {xiv+486},
   MRCLASS = {53.72 (22.60)},
  MRNUMBER = {MR0145455 (26 \#2986)},
MRREVIEWER = {W. M. Boothby},
}

@Book{LaTeX,
author = {H. Kopla and P.W. Daly},
editor = {Addison-Wesley},
title = {A {Guide} to \LaTeXe, {D}ocument preparation for beginners and advanced users},
publisher = {Addison-Wesley},
year = {1995},
}

@Book{kobayashi2,
author = {S. Kobayashi and K. Nomizu},
title = {Foundation of differential geometry},
publisher = {Interscience publishers},
year = {1969},
volume = {2},
}

@Book{madore,
author = {J. Madore},
title = {An {I}ntroduction to noncommutative differential geometry and its physical application},
publisher = {Cambridge University press},
year = {1999},
}

@book{Hochschild,
    AUTHOR = {Hochschild, G.},
     TITLE = {The structure of {L}ie groups},
 PUBLISHER = {Holden-Day Inc.},
   ADDRESS = {San Francisco},
      YEAR = {1965},
     PAGES = {ix+230},
   MRCLASS = {22.00 (57.40)},
  MRNUMBER = {MR0207883 (34 \#7696)},
MRREVIEWER = {F. Hirzebruch},
}

@book{Sagle,
AUTHOR = {Sagle, Arthur A. and Walde, Ralph E.},
TITLE = {Introduction to {L}ie groups and {L}ie algebras},
NOTE = {Pure and Applied Mathematics, Vol. 51},
PUBLISHER = {Academic Press},
ADDRESS = {New York},
YEAR = {1973},
PAGES = {ix+361},
MRCLASS = {22EXX (17BXX)},
MRNUMBER = {MR0360927 (50 \#13374)},
MRREVIEWER = {N. R. Wallach},
}


@book{HumphreysCoxeter,
AUTHOR = {Humphreys, James E.},
TITLE = {Reflexion groups and {C}oxeter groups},
YEAR = {1997},
note = {Some pages are available at\\
\url{http://books.google.com/books?id=ODfjmOeNLMUC&hl=en}}
}


@book{Humphreys,
AUTHOR = {Humphreys, James E.},
TITLE = {Introduction to {L}ie algebras and representation theory},
SERIES = {Graduate Texts in Mathematics},
VOLUME = {9},
NOTE = {Second printing, revised},
PUBLISHER = {Springer-Verlag},
ADDRESS = {New York},
YEAR = {1978},
PAGES = {xii+171},
ISBN = {0-387-90053-5},
MRCLASS = {17Bxx},
MRNUMBER = {MR499562 (81b:17007)},
MRREVIEWER = {I. P. Shestakov},
}


@book{Loos,
    AUTHOR = {Loos, Ottmar},
     TITLE = {Symmetric spaces. {I}: {G}eneral theory},
 PUBLISHER = {W. A. Benjamin, Inc., New York-Amsterdam},
      YEAR = {1969},
     PAGES = {viii+198},
   MRCLASS = {22.70 (53.00)},
  MRNUMBER = {MR0239005 (39 \#365a)},
}


@book{Dixmier,
    AUTHOR = {Dixmier, Jacques},
     TITLE = {Les {$C\sp *$}-alg\`ebres et leurs repr\'esentations},
    SERIES = {Les Grands Classiques Gauthier-Villars. [Gauthier-Villars
              Great Classics]},
      NOTE = {Reprint of the second (1969) edition},
 PUBLISHER = {\'Editions Jacques Gabay},
   ADDRESS = {Paris},
      YEAR = {1996},
     PAGES = {403},
      ISBN = {2-87647-013-6},
   MRCLASS = {46Lxx (01A75 46L10)},
  MRNUMBER = {MR1452364 (98a:46066)},
}

@Book{Hawking,
author = {S.W. Hawking and G.F.R. Ellis},
title = {The large scale structure of space-time},
publisher = {Cambridge University press},
year = {1973},
}

@Book{Wald,
author = {R.M. Wald},
title = {General relativity},
publisher = {The University of {C}hicago press},
year = {1984},
}


@Book{schwabl,
author = {F.Schwabl},
editor = {Springer},
title = {Advanced quantum mechanics},
year = {1999},
}


@Book{Lie,
author = {J.J. Duistermaat and J.A.C Kolk},
editor = {Springer},
title = {Lie groups},
publisher = {Springer},
year = {2000}
}


@book{Knapp,
    AUTHOR = {Knapp, Anthony W.},
     TITLE = {Lie groups beyond an introduction},
    SERIES = {Progress in Mathematics},
    VOLUME = {140},
 PUBLISHER = {Birkh\"auser Boston Inc.},
   ADDRESS = {Boston, MA},
      YEAR = {1996},
     PAGES = {xvi+604},
      ISBN = {0-8176-3926-8},
   MRCLASS = {22-01 (17-01)},
  MRNUMBER = {MR1399083 (98b:22002)},
MRREVIEWER = {H. de Vries},
}

@book{Dieu4,
    AUTHOR = {Dieudonn{\'e}, J.},
     TITLE = {\'{E}l\'ements d'analyse. {T}ome {IV}. {C}hapitres {XVIII} \`a
              {XX}},
      NOTE = {Nouveau tirage,
              Cahiers Scientifiques, Fasc. 34},
 PUBLISHER = {Gauthier-Villars},
   ADDRESS = {Paris},
      YEAR = {1977},
     PAGES = {xviii+411},
      ISBN = {2-04-001494-2},
   MRCLASS = {58-01 (53-01)},
  MRNUMBER = {MR0467780 (57 \#7632)},
}

@book{Dieu2,
    AUTHOR = {Dieudonn{\'e}, J.},
     TITLE = {\'{E}l\'ements d'analyse. {T}ome {II}: {C}hapitres {XII} \`a
              {XV}},
    SERIES = {Cahiers Scientifiques, Fasc. XXXI},
 PUBLISHER = {Gauthier-Villars},
   ADDRESS = {\'Editeur, Paris},
      YEAR = {1968},
     PAGES = {x+408},
   MRCLASS = {00.00 (22.00)},
  MRNUMBER = {38 \#4247},
MRREVIEWER = {S. K. Berberian},
}

@book{Dieu3,
    AUTHOR = {Dieudonn{\'e}, J.},
     TITLE = {\'{E}l\'ements d'analyse. {T}ome {III}: {C}hapitres {XVI} et
              {XVII}},
    SERIES = {Cahiers Scientifiques, Fasc. XXXIII},
 PUBLISHER = {Gauthier-Villars \'Editeur, Paris},
      YEAR = {1970},
     PAGES = {xix+367},
   MRCLASS = {57.00 (00.00)},
  MRNUMBER = {MR0270377 (42 \#5266)},
MRREVIEWER = {J. Eells},
}

@book{Dieu7,
    AUTHOR = {Dieudonn{\'e}, J.},
     TITLE = {\'{E}l\'ements d'analyse. {T}ome {VII}. {C}hapitre {XXIII}.
              {P}remi\`ere partie},
      NOTE = {Cahiers Scientifiques, Fasc. XL},
 PUBLISHER = {Gauthier-Villars},
   ADDRESS = {Paris},
      YEAR = {1978},
     PAGES = {xvi+296},
      ISBN = {2-04-010082-2},
   MRCLASS = {58-01 (35-02 35SXX)},
  MRNUMBER = {58 \#13103a},
MRREVIEWER = {J. Eells},
}

@book{Treves,
    AUTHOR = {Tr{\`e}ves, Fran{\c{c}}ois},
     TITLE = {Topological vector spaces, distributions and kernels},
 PUBLISHER = {Academic Press},
   ADDRESS = {New York},
      YEAR = {1967},
     PAGES = {xvi+624},
   MRCLASS = {46.00},
  MRNUMBER = {MR0225131 (37 \#726)},
MRREVIEWER = {J. Horv{\'a}th},
}

@Book{Sternberg,
    AUTHOR = {Sternberg, S.},
     TITLE = {Group theory and physics},
 PUBLISHER = {Cambridge University Press},
   ADDRESS = {Cambridge},
      YEAR = {1994},
     PAGES = {xiv+429},
      ISBN = {0-521-24870-1},
   MRCLASS = {20-01 (20C30 20C35 22E46)},
  MRNUMBER = {MR1287387 (95i:20001)},
MRREVIEWER = {J. L{\~o}hmus},
}

@book{Kirillov,
    AUTHOR = {Kirillov, A. A.},
     TITLE = {Elements of the theory of representations},
      NOTE = {Translated from the Russian by Edwin Hewitt,
              Grundlehren der Mathematischen Wissenschaften, Band 220},
 PUBLISHER = {Springer-Verlag},
   ADDRESS = {Berlin},
      YEAR = {1976},
     PAGES = {xi+315},
   MRCLASS = {22-XX (22E45)},
  MRNUMBER = {MR0412321 (54 \#447)},
}


@MastersThesis{memP,
author = {P. Bieliavsky},
title = {\'{E}quation de champs dans l'espace de Minkowski et son compactifi\'e},
school = {Universit\'e libre de Bruxelles},
year = {1991},
}

@book{Reed_Simon,
    AUTHOR = {Reed, Michael and Simon, Barry},
     TITLE = {Methods of modern mathematical physics. {II}. {F}ourier
              analysis, self-adjointness},
 PUBLISHER = {Academic Press [Harcourt Brace Jovanovich Publishers]},
   ADDRESS = {New York},
      YEAR = {1975},
     PAGES = {xv+361},
   MRCLASS = {47-02 (81.47)},
  MRNUMBER = {MR0493420 (58 \#12429b)},
MRREVIEWER = {P. R. Chernoff},
}

%%%%%%%%%%%%%%%%%%%%%%%%%%
%
%   DES CHOSE EN VRAC À ENCORE CLASSER
%
%%%%%%%%%%%%%%%%%%%%%%%%


@book{Naber,
    AUTHOR = {Naber, Gregory L.},
     TITLE = {Topology, geometry, and gauge fields},
    SERIES = {Applied Mathematical Sciences},
    VOLUME = {141},
      NOTE = {Interactions},
 PUBLISHER = {Springer-Verlag},
   ADDRESS = {New York},
      YEAR = {2000},
     PAGES = {xiv+443},
      ISBN = {0-387-98947-1},
   MRCLASS = {53C07 (53C05 57R20 57R22 57R25 58A12 70S15 81T13)},
  MRNUMBER = {MR1744816 (2001g:53058)},
MRREVIEWER = {Liviu I. Nicolaescu},
}

@Book{llf,
author = {L.Landau and E.Lifchitz},
editor = {Mir},
title = {Physique Th\'eorique},
publisher = {},
year = {1989},
OPTvolume = {2},
note = {Th\'eorie des champs},
}

@book{kobayashi,
    AUTHOR = {Kobayashi, Shoshichi and Nomizu, Katsumi},
     TITLE = {Foundations of differential geometry. {V}ol. {I}},
    SERIES = {Wiley Classics Library},
      NOTE = {Reprint of the 1963 original,
              A Wiley-Interscience Publication},
 PUBLISHER = {John Wiley \& Sons Inc.},
   ADDRESS = {New York},
      YEAR = {1996},
     PAGES = {xii+329},
      ISBN = {0-471-15733-3},
   MRCLASS = {53-01},
  MRNUMBER = {MR1393940 (97c:53001a)},
}

@Book{Fult,
author = {W. Fulton and J. Harris},
title = {Representation theory},
publisher = {Springer-Verlag New York, Inc},
year = {1991}
}

@book{Michelson,
    AUTHOR = {Lawson, Jr., H. Blaine and Michelsohn, Marie-Louise},
     TITLE = {Spin geometry},
    SERIES = {Princeton Mathematical Series},
    VOLUME = {38},
 PUBLISHER = {Princeton University Press},
   ADDRESS = {Princeton, NJ},
      YEAR = {1989},
     PAGES = {xii+427},
      ISBN = {0-691-08542-0},
   MRCLASS = {53-02 (53A50 53C20 57R75 58G10)},
  MRNUMBER = {MR1031992 (91g:53001)},
MRREVIEWER = {N. J. Hitchin},
}

%%%%%%%%%%%%%%%%%%%%%%%%%%
%
%   Textes divers 
%       TTD
%
%%%%%%%%%%%%%%%%%%%%%%%%

@ARTICLE{QTRwmtM,
    author = {Laleau, Cédric},
    title = {Un devoir distribué en formation},
    journal = {},
    year = {2013},
    note = {},
    otherinfo = {}
}


@ARTICLE{QSfMxlk,
    author = {},
    title = {Divers exercices et ressources distribuées durant les journées de formations.},
    journal = {},
    year = {2012-2013},
    note = {},
    otherinfo = {}
}

@ARTICLE{CTVPbHm,
    author = {Perrot, Colette},
    note = {Divers conseils et exercices donnés.},
    otherinfo = {}
}


@ARTICLE{FGMWzeK,
    author = {Klein, Pauline},
    title = {Cours de seconde},
    note = {Les notes manuscrites et les DM tapés que Pauline Klein m'a fait parvenir.},
    otherinfo = {}
}


@article{QuantifKhalerian,
    AUTHOR = {Bieliavsky, Pierre and Bonneau, Philippe and D'Andrea, Francesco and Gayral, Victor and Maeda, Yoshiaki and Voglaire, Yannick},
     TITLE = {Drinfel'd twists and multiplicative unitaries for {K}ahlerian Lie groups},
      YEAR = {2010},
  NOTE={Not published yet}
}

@PhDThesis{AnnikFranc,
    title = "Structures de spin et op{\'e}rateurs de Dirac sur les espaces riemanniens symm{\'e}triques compacts simplement connexes",
    author = "A. Franc",
    school = "Universit{\'e} Libre de Bruxelles",
    year = "1988---1989"
}

@article{Clement,
    AUTHOR = {Clément Hyvrier},
     TITLE = {Étude géométrique de certaines variétés localement anti-de {S}itter: les trous noirs «{B}{T}{Z}» massifs et sans moment angulaire},
      YEAR = {2003},
  NOTE={Mémoire de DEA, Université libre de Bruxelles, faculté des sciences, département de mathématiques}
}

@article{UnterD,
    AUTHOR = {Unterberger, Andr{\'e}},
     TITLE = {The calculus of pseudodifferential operators of {F}uchs type},
   JOURNAL = {Comm. Partial Differential Equations},
  FJOURNAL = {Communications in Partial Differential Equations},
    VOLUME = {9},
      YEAR = {1984},
    NUMBER = {12},
     PAGES = {1179--1236},
      ISSN = {0360-5302},
     CODEN = {CPDIDZ},
   MRCLASS = {35S05 (34A25 47G05 58G15)},
  MRNUMBER = {MR761800 (86d:35152)},
MRREVIEWER = {Gerd Grubb},
}

%%%%%%%%%%%%%%%%%%%%%%%%%%
%
%    À MOI
%   TTM
%%%%%%%%%%%%%%%%%%%%%%%%
%(other than softwares)

@ARTICLE{MonDEA,
    title = "Clifford algebra and {D}irac operator",
    author = "Claessens, Laurent",
    year = "2004",
    note    ={This is the version ``as submitted'' in 2004. It is now included in \cite{Cemazhe} in a much more recent version containing more details and many corrections. I clearly recommend you to read the latter. \\\url{http://student.ulb.ac.be/~lclaesse/DEA_2004.pdf}}
}

@ARTICLE{Cemazhe,
    title = "(almost) {E}verything {I} know in mathematics",
    author = "Claessens, Laurent",
    year = "2014",
    note={This document is regularly updated and contains everything I've done in math since 2004, including teaching. \\\url{http://student.ulb.ac.be/~lclaesse/mazhe.pdf}}
}

@MastersThesis{memoire,
    title = "Symétries globales et linéaires en théorie relativiste des champs.",
    author = "Claessens, Laurent",
    school = "Universit{\'e} libre de Bruxelles",
    month = may,
    year = "2003",
    note = "Direction: Glenn Barnich
        \\\url{http://student.ulb.ac.be/~lclaesse/memoire.pdf}"
}

@Article{These,
    title = "Locally anti de {S}itter spaces and deformation quantization. {P}h.{D}. Thesis",
    author = "Claessens, Laurent",
    school = "Universit{\'e} Catholique de Louvain",
    address = "Louvain-la-Neuve",
    month = sep,
    year = "2007",
        note    ={\arxiv[math.DG]{0912.2215}}
}

@article{lcTNAdS,
    AUTHOR = {Claessens, Laurent  and Detournay, Stephane},
     TITLE = {Solvable symmetric black hole in anti-de {S}itter spaces},
   JOURNAL = {J. Geom. Phys.},
  FJOURNAL = {Journal of Geometry and Physics},
    VOLUME = {57},
      YEAR = {2007},
    NUMBER = {},
     PAGES = {991--998},
      ISSN = {},
     CODEN = {},
   MRCLASS = {},
  MRNUMBER = {},
MRREVIEWER = {},
NOTE= {\arxiv{math.DG/0510442}}  }
}

@Article{articleBVCS,
    author = {Bieliavsky, Pierre and Voglaire, Yannick and Claessens, Laurent  and Sternheimer, Daniel},
     TITLE = {Quantized Anti de {S}itter spaces and non-formal deformation quantizations of symplectic symmetric spaces},
   JOURNAL = {Contemporary Mathematics},
  FJOURNAL = {},
    NUMBER = {450},
      YEAR = {2008},
     PAGES = {},
      ISSN = {},
   MRCLASS = {},
  MRNUMBER = {},
     note=   {\arxiv[math.QA]{0705.4179v1}} 
}

@Article{BTZ_so,
    author = {Claessens, Laurent},
    title = {{BTZ} black hole from the structure of $\so(2,n)$},
    year = {2009},
    note = {An extended version of this paper is available online: \arxiv[math.DG]{0912.2267v3}\\
        Soumis à \emph{Letters in mathematical physics} ; en attente du comité de lecture.
}},

@Article{BTZ_horizon,
    author = {Claessens, Laurent},
    title = {The horizon of the {BTZ} black hole},
    year = {2009},
    note = {\arxiv[math.DG]{0912.2245}},
}

%%%%%%%%%%%%%%%%%%%%%%%%%%
%
%    MA PÉDAGOGIE
%   TTP
%%%%%%%%%%%%%%%%%%%%%%%%

@Article{MesNotes,
    author = {Claessens, Laurent},
    title  = {Mes notes de mathématique},
    year   = {2014},
    note   = {La version courante de mes notes à destination des candidats à l'agrégation. Ce fichier est régulièrement mis à jour; une version figée est affublée d'un numéro d'ISBN durant le mois de décembre de chaque année. \\\url{http://student.ulb.ac.be/~lclaesse/mes_notes.pdf}  },
}

@Article{MesNotes2012,
    author = {Claessens, Laurent},
    title  = {Mes notes de mathématique},
    year   = {2012},
    note   = {La version de décembre 2012 de mes notes à destination des candidats à l'agrégation de mathématique. Quatre exemplaires imprimés sont dans la bibliothèque de l'agrégation à Paris. La version la plus à jour est \cite{MesNotes} \\\url{http://student.ulb.ac.be/~lclaesse/mes_notes-2012.pdf}  },
}

@Article{MesNotesEnseignement,
    author = {Claessens, Laurent},
    title  = {Pour les étudiants},
    year   = {2014},
    note   = {Document rassemblant les notes de cours et les exercices pour les différents enseignements dans lesquels j'ai été impliqué \\\url{http://student.ulb.ac.be/~lclaesse/enseignement.pdf}  },
}


@Article{NotesLycee,
    author = {Claessens, Laurent},
    title  = {Un soupçon de mathématique sans être agressif pour autant},
    year   = {2015},
    note   = {Document rassemblant mes préparations, les feuilles d'exercices et les corrections des devoirs que j'ai donné au collège et au lycée \\\url{http://student.ulb.ac.be/~lclaesse/smath.pdf}  },
}


@Article{GeomAnal,
    author = {Claessens, Laurent and Donadello, Carlotta},
    title  = {Cours de géométrie analytique, cours de télé-enseignement (université de Franche Comté)},
    year   = {2010-2011},
    note   = {\url{http://student.ulb.ac.be/~lclaesse/GeomAnal.pdf} },
}

@Article{ExoGeoDiff,
   author = {Claessens, Laurent and Bieliavsky, Pierre},
   title  = {Exercises and solutions for the course MAT1241, differential geometry},
   year   = {2005 (revised in 2008)},
   note   = {For the Catholic university of Louvain. \\\url{http://student.ulb.ac.be/~lclaesse/exMAT1241.pdf}},
}


@Article{Modave,
   author = {Claessens, Laurent},
   title  = {Yang-{M}ills and fibre bundle},
   year   = {2005},
   note   = {Lectures notes of the course I gave in the Modave's first summer school of mathematical physics.\\\url{http://www.ulb.ac.be/sciences/ptm/pmif/Rencontres/ModaveI/resume.html}},
}

@Article{echa,
   author = {Claessens, Laurent},
   title  = {Un soupçon de physique},
   year   = {2008},
   note   = {\\\url{http://student.ulb.ac.be/~lclaesse/echa.pdf}},
}


%%%%%%%%%%%%%%%%%%%%%%%%%%
%
%   LOGICIELS
%   TTO
%%%%%%%%%%%%%%%%%%%%%%%%

@Article{Maxima,
   author = {},
   title  = {Maxima 5.10.0},
   year   = {March 2006},
   note = {A \emph{libre} software for the manipulation of symbolic and numerical expressions.
       \\\url{http://maxima.sourceforge.net/}}
}

@manual{Sage,
  Key          = {Sage},
  Author       = {W.\thinspace{}A. Stein and others},
  Organization = {The Sage Development Team},
  Title        = {{S}age {M}athematics {S}oftware ({V}ersion 4.3.3)},
  Note      = {\\\url{http://www.sagemath.org}},
  Year         = {2009},
}

@Article{LaTeXparser,
   author = {Claessens, Laurent},
   title  = {La{T}e{X}parser},
   year   = {2010-2013},
   note = {A LaTeX parser for python. Allows to catch some informations about a LaTeX document inside a python script.
       \\\url{http://gitorious.org/latexparser}.}
}

@Article{phystricks,
   author = {Claessens, Laurent},
   title  = {phystricks},
   year   = {2010-2013},
   note = {Python module which creates pstricks code to be included in LaTeX files. 
       \\\url{http://student.ulb.ac.be/~lclaesse/phystricks-doc.pdf}.}
}

@ARTICLE{MonCerveau,
    author = {Claessens, Laurent},
    note = {Invention personnelle , lire avec prudence et merci de me dire si c'est correct.}
}

@Article{RecQuadVento,
    author = {Vento, Stephane},
    title  = {La loi de réciprocité quadratique},
    year   = {2005},
    note   = {\\\url{http://www.proba.jussieu.fr/pageperso/nourdin/LeSiteDeLAgregatif/vento2.pdf}},
}


% This reference has to be the last one because the unclosed parenthesis makes the whole remaining syntaxic coloration fail.
# http://www.xkcd.com/859/
@Article{SNPdukn,
    author = {Marsden, Jerome E. and Ratiu, Tudor S.},
    title = {Manifolds, tensor analysis and applications},
    year = {2002},
    url = "http://www.math.psu.edu/petrunin/papers/scans-scans/MD_Geometry and topology/MDdg_Differential geometry/Marsden, Ratiu, Abraham. Manifolds, Tensor analysis, and Applications (draft 2003-01-05) (Springe.pdf",
}
